01REMESSA01COBRANCA       00000000000004130991SISTEMA DE CARTóRIO CERTIDõES 237BRADESCO       100315        MX0000757                                                                                                                                                                                                                                                                                     000001
1                   000902692011248461-14554                  0000000000000014554000000000002               0114554     16031500000000053200000000012N060315000000000000000000000000000000000000000000000000000000000000000205888414000112CREAÇÕES MX FASHION LIMITADA            Rua Aimorés - lado par - 210                        01122010Custas da ordem 349177/4                                    000002
1                   000902692011248461-14555                  0000000000000014555900000000002               0114555     19031500000000048000000000012N090315120000000000000160000000000000000000000000000000000000000000000200360305025441104 Caixa Econômica Federal             Rua Joaquim Floriano,446                            04534002                                                            000003
1                   000902692011248461-14272                  0000000000000014272P00000000002               0214272     21021500000000280000000000012N110215120000000000010000000000000000000000000000000000000000000000000100037825615891SILVIA FAGUNDES RIGO                    Rua Bernardino Estazione,166                        05840030                                                            000004
1                   000902692011248461-14467                  0000000000000014467600000000002               0614467     10031500000000350000000000012N030315000000000000010000000000000000000000000000000000000000000000000117961015000208ADALBERTO ROCHA THOBIAS - ME            Rua das Palmeiras,43                                17210120Protesto após 5 dias                                        000005
1                   000902692011248461-14511                  0000000000000014511700000000002               0614511     10031500000000350000000000012N030315000000000000010000000000000000000000000000000000000000000000000120886551000101RODOLFO DOS SANTOS MACHADO - ME         Av. Santos Dumont,65                                39205000Protesto após 5 dias                                        000006
9                                                                                                                                                                                                                                                                                                                                                                                                         000007