01REMESSA01COBRANCA       00000000000004130991SISTEMA DE CARTóRIO CERTIDõES 237BRADESCO       100315        MX0000758                                                                                                                                                                                                                                                                                     000001
1                   000902692011248461-14556                  0000000000000014556700000000002               0114556     20031500000010000000000000012N100315000000000000000000000000000000000000000000000000000000000000000100012541334885CRISTIANE SIMIÃO PEREIRA PAYÃO          Rua Dr. José Guilherme Eiras, 438                   08010220TAXA DE FRANQUIA - ARTUR ALVIM/SP 1ª PARCELA                000002
1                   000902692011248461-14557                  0000000000000014557500000000002               0114557     20041500000010000000000000012N100315000000000000000000000000000000000000000000000000000000000000000100012541334885CRISTIANE SIMIÃO PEREIRA PAYÃO          Rua Dr. José Guilherme Eiras, 438                   08010220TAXA DE FRANQUIA - ARTUR ALVIM/SP 2ª PARCELA                000003
1                   000902692011248461-14558                  0000000000000014558300000000002               0114558     13031500000025000000000000012N100315000000000000000000000000000000000000000000000000000000000000000100084577924587PAOLA RODRIGUEZ DE SANTANA              R. MIGUEL CALMON, Nº 08 – APTO 31                   43810220TAXA DE FRANQUIA - CANDEIAS/BA 1ª PARCELA                   000004
1                   000902692011248461-14559                  0000000000000014559100000000002               0114559     03041500000020000000000000012N100315000000000000000000000000000000000000000000000000000000000000000100084577924587PAOLA RODRIGUEZ DE SANTANA              R. MIGUEL CALMON, Nº 08 – APTO 31                   43810220TAXA DE FRANQUIA - CANDEIAS/BA 2ª PARCELA                   000005
9                                                                                                                                                                                                                                                                                                                                                                                                         000006