01REMESSA01COBRANCA       00000000000004130991SISTEMA DE CARTóRIO CERTIDõES 237BRADESCO       110315        MX0000759                                                                                                                                                                                                                                                                                     000001
1                   000902692011248461-14560                  0000000000000014560500000000002               0114560     21031500000000160000000000012N110315120000000000000530000000000000000000000000000000000000000000000262232889000190Banco Daycoval S/A                      Avenida Paulista ,1793-02º Andar                    01311200                                                            000002
1                   000902692011248461-14561                  0000000000000014561300000000002               0114561     21031500000000660000000000012N110315120000000000002200000000000000000000000000000000000000000000000262232889000190Banco Daycoval S/A                      Avenida Paulista ,1793-02º Andar                    01311200                                                            000003
1                   000902692011248461-14562                  0000000000000014562100000000002               0114562     21031500000000322000000000012N110315120000000000001070000000000000000000000000000000000000000000000262232889000190Banco Daycoval S/A                      Avenida Paulista ,1793-02º Andar                    01311200                                                            000004
1                   000902692011248461-14563                  0000000000000014563P00000000002               0114563     21031500000000161000000000012N110315120000000000000540000000000000000000000000000000000000000000000262232889000190Banco Daycoval S/A                      Avenida Paulista ,1793-02º Andar                    01311200                                                            000005
1                   000902692011248461-14564                  0000000000000014564800000000002               0114564     21031500000000600000000000012N110315120000000000002000000000000000000000000000000000000000000000000262232889000190Banco Daycoval S/A                      Avenida Paulista ,1793-02º Andar                    01311200                                                            000006
1                   000902692011248461-14565                  0000000000000014565600000000002               0114565     21031500000000165000000000012N110315120000000000000550000000000000000000000000000000000000000000000262232889000190Banco Daycoval S/A                      Avenida Paulista ,1793-02º Andar                    01311200                                                            000007
1                   000902692011248461-14566                  0000000000000014566400000000002               0114566     21031500000000886500000000012N110315120000000000002960000000000000000000000000000000000000000000000262232889000190Banco Daycoval S/A                      Avenida Paulista ,1793-02º Andar                    01311200                                                            000008
1                   000902692011248461-14567                  0000000000000014567200000000002               0114567     21031500000000400000000000012N110315120000000000001330000000000000000000000000000000000000000000000262232889000190Banco Daycoval S/A                      Avenida Paulista ,1793-02º Andar                    01311200                                                            000009
1                   000902692011248461-14568                  0000000000000014568000000000002               0114568     20031500000035000000000000012N110315000000000000000000000000000000000000000000000000000000000000000100008226039590ADEMAR BATISTA PEREIRA JUNIOR           RUA 25 DE MARÇO, Nº 200, APTO 2201                  60060120TAXA DE FRANQUIA - UBERLÂNDIA/MG 1ª PARCELA                 000010
1                   000902692011248461-14569                  0000000000000014569900000000002               0114569     20041500000010000000000000012N110315000000000000000000000000000000000000000000000000000000000000000100008226039590ADEMAR BATISTA PEREIRA JUNIOR           RUA 25 DE MARÇO, Nº 200, APTO 2201                  60060120TAXA DE FRANQUIA - UBERLÂNDIA/MG 2ª PARCELA                 000011
1                   000902692011248461-14570                  0000000000000014570200000000002               0114570     20051500000010000000000000012N110315000000000000000000000000000000000000000000000000000000000000000100008226039590ADEMAR BATISTA PEREIRA JUNIOR           RUA 25 DE MARÇO, Nº 200, APTO 2201                  60060120TAXA DE FRANQUIA - UBERLÂNDIA/MG 3ª PARCELA                 000012
1                   000902692011248461-14571                  0000000000000014571000000000002               0114571     20061500000015000000000000012N110315000000000000000000000000000000000000000000000000000000000000000100008226039590ADEMAR BATISTA PEREIRA JUNIOR           RUA 25 DE MARÇO, Nº 200, APTO 2201                  60060120TAXA DE FRANQUIA - UBERLÂNDIA/MG 4ª PARCELA                 000013
1                   000902692011248461-14572                  0000000000000014572900000000002               0114572     21031500000000856800000000012N110315120000000000002860000000000000000000000000000000000000000000000200360305098830CAIXA ECONOMICA FEDERAL                 Avenida Padre Antônio José dos Santos ,4            04563013                                                            000014
1                   000902692011248461-14573                  0000000000000014573700000000002               0114573     21031500000000110000000000012N110315120000000000000370000000000000000000000000000000000000000000000200360305025441104 Caixa Econômica Federal             Rua Joaquim Floriano,446                            04534002                                                            000015
9                                                                                                                                                                                                                                                                                                                                                                                                         000016