01REMESSA01COBRANCA       00000000000004130991SISTEMA DE CARTóRIO CERTIDõES 237BRADESCO       110215        MX0000754                                                                                                                                                                                                                                                                                     000001
1                   000902692011248461-14257                  0000000000000014257600000000002               0114257     19021500000000110000000000012N090215120000000000000370000000000000000000000000000000000000000000000260910932000101D´Urso e Borges Advogados Associados    Rua Nestor Pestana,125-CJ. 63                       01303010                                                            000002
1                   000902692011248461-14258                  0000000000000014258400000000002               0114258     19021500000000120000000000012N090215120000000000000400000000000000000000000000000000000000000000000201701201000189HSBC Bank Brasil S.A. - Banco Multiplo -Rua Doutor Seidel,425                               05315000                                                            000003
1                   000902692011248461-14259                  0000000000000014259200000000002               0114259     19021500000000180000000000012N090215000000000000000000000000000000000000000000000000000000000000000201701201034830HSBC BANK BRASIL S.A. - BANCO MULTIPLO  Rua Paula Sousa, 315                                01027001Taxa de execução dos pedidos 343173/1                       000004
1                   000902692011248461-14260                  0000000000000014260600000000002               0114260     19021500000000355000000000012N090215120000000000001180000000000000000000000000000000000000000000000201701201000189HSBC Bank Brasil S.A. - Banco Multiplo -Rua Doutor Seidel,425                               05315000                                                            000005
1                   000902692011248461-14261                  0000000000000014261400000000002               0114261     19021500000000076000000000012N090215120000000000000250000000000000000000000000000000000000000000000200360305025441104 Caixa Econômica Federal             Rua Joaquim Floriano,446                            04534002                                                            000006
1                   000902692011248461-14262                  0000000000000014262200000000002               0114262     19021500000000161000000000012N090215120000000000000540000000000000000000000000000000000000000000000262232889000190Banco Daycoval S/A                      Avenida Paulista ,1793-02º Andar                    01311200                                                            000007
1                   000902692011248461-14263                  0000000000000014263000000000002               0114263     19021500000000243000000000012N090215120000000000000810000000000000000000000000000000000000000000000262232889000190Banco Daycoval S/A                      Avenida Paulista ,1793-02º Andar                    01311200                                                            000008
1                   000902692011248461-14264                  0000000000000014264900000000002               0114264     19021500000000322000000000012N090215120000000000001070000000000000000000000000000000000000000000000262232889000190Banco Daycoval S/A                      Avenida Paulista ,1793-02º Andar                    01311200                                                            000009
1                   000902692011248461-14265                  0000000000000014265700000000002               0114265     19021500000000390000000000012N090215120000000000001300000000000000000000000000000000000000000000000262232889000190Banco Daycoval S/A                      Avenida Paulista ,1793-02º Andar                    01311200                                                            000010
1                   000902692011248461-14266                  0000000000000014266500000000002               0114266     19021500000000483000000000012N090215120000000000001610000000000000000000000000000000000000000000000262232889000190Banco Daycoval S/A                      Avenida Paulista ,1793-02º Andar                    01311200                                                            000011
1                   000902692011248461-14267                  0000000000000014267300000000002               0114267     21021500000000484000000000012N110215120000000000001610000000000000000000000000000000000000000000000262232889000190Banco Daycoval S/A                      Avenida Paulista ,1793-02º Andar                    01311200                                                            000012
1                   000902692011248461-14268                  0000000000000014268100000000002               0114268     21021500000000322000000000012N110215120000000000001070000000000000000000000000000000000000000000000262232889000190Banco Daycoval S/A                      Avenida Paulista ,1793-02º Andar                    01311200                                                            000013
1                   000902692011248461-14269                  0000000000000014269P00000000002               0114269     21021500000000484000000000012N110215120000000000001610000000000000000000000000000000000000000000000262232889000190Banco Daycoval S/A                      Avenida Paulista ,1793-02º Andar                    01311200                                                            000014
1                   000902692011248461-14270                  0000000000000014270300000000002               0114270     21021500000000243000000000012N110215120000000000000810000000000000000000000000000000000000000000000262232889000190Banco Daycoval S/A                      Avenida Paulista ,1793-02º Andar                    01311200                                                            000015
1                   000902692011248461-14271                  0000000000000014271100000000002               0114271     21021500000000176000000000012N110215120000000000000590000000000000000000000000000000000000000000000200360305063700104 Caixa Econômica Federal             AV: Rui Barbosa,281/287                             06311000                                                            000016
1                   000902692011248461-14272                  0000000000000014272P00000000002               0114272     21021500000000280000000000012N110215120000000000000930000000000000000000000000000000000000000000000100037825615891SILVIA FAGUNDES RIGO                    Rua Bernardino Estazione,166                        05840030                                                            000017
1                   000902692011248461-14273                  0000000000000014273800000000002               0114273     17021500000045000000000000012N110215000000000000000000000000000000000000000000000000000000000000000100017634203882Carlos Eduardo Bento Guerra             Rua Teresina, 23 apto. 83                           03185010TAXA DE FRANQUIA - MOOCA/SP                                 000018
1                   000902692011248461-14274                  0000000000000014274600000000002               0114274     21021500000000050000000000012N110215120000000000000170000000000000000000000000000000000000000000000200360305063700104 Caixa Econômica Federal             AV: Rui Barbosa,281/287                             06311000                                                            000019
1                   000902692011248461-13860                  0000000000000013860900000000002               0613860     10021500000007991110000000012N230115000000000000000000000000000000000000000000000000000000000000000216587135000135SBA Torres Brasil, Limitada             Alameda Madeira , 222 - 15º andar                   06454010Referente aos pedidos em aberto até o dia 23/01             000020
1                   000902692011248461-13720                  0000000000000013720300000000002               0613720     09021500000000500000000000012N080115000000000000010000000000000000000000000000000000000000000000000121173788000108M&A INTERMEDIAÇÃO CARTORÁRIA ME         Av. Affonso Trigo,941-SL 03                         14177090Protesto após 5 dias                                        000021
1                   000902692011248461-13720                  0000000000000013720300000000002               3113720     08021500000000500000000000012N080115000000000000010000000000000000000000000000000000000000000000000121173788000108M&A INTERMEDIAÇÃO CARTORÁRIA ME         Av. Affonso Trigo,941-SL 03                         14177090Protesto após 5 dias                                        000022
1                   000902692011248461-13720                  0000000000000013720300000000002               0613720     08021500000000500000000000012N080115000000000000010000000000000000000000000000000000000000000000000121173788000108M&A INTERMEDIAÇÃO CARTORÁRIA ME         Av. Affonso Trigo,941-SL 03                         14177090Protesto após 5 dias                                        000023
1                   000902692011248461-13709                  0000000000000013709200000000002               0613709     08021500000000500000000000012N080115000000000000010000000000000000000000000000000000000000000000000111198466000160INTERMEDIACAO CARTORARIA CAICARA CARAGUAAv. Prisciliana de Castilho,374-SL 06               11660330Protesto após 5 dias                                        000024
1                   000902692011248461-13688                  0000000000000013688600000000002               0613688     08021500000001000000000000012N080115000000000000010000000000000000000000000000000000000000000000000119831382000123INTERMEDIAÇÃO CARTORÁRIA GADINI LTDA - MRua Maria Cândida,1159-Sala 02                      02071012Protesto após 5 dias                                        000025
1                   000902692011248461-13889                  0000000000000013889700000000002               0613889     26021500000000224750000000012N020215120000000000010000000000000000000000000000000000000000000000000208156644000185PENIDRE ADMINISTRAÇÃO DE BENS LTDA      Avenida Paulista,1374-13º e 14º andar               01310100                                                            000026
1                   000902692011248461-13889                  0000000000000013889700000000002               0613889     26021500000000224750000000012N020215120000000000010000000000000000000000000000000000000000000000000208156644000185PENIDRE ADMINISTRAÇÃO DE BENS LTDA      Avenida Paulista,1374-13º e 14º andar               01310100                                                            000027
1                   000902692011248461-13723                  0000000000000013723800000000002               0613723     08021500000000500000000000012N080115000000000000010000000000000000000000000000000000000000000000000121131878000136COLLINA INTERMEDIAÇÃO CARTORARIA LTDA - Rua Senador Flaquer,241-LJ 09 - Patio Se            09010160Protesto após 5 dias                                        000028
1                   000902692011248461-13704                  0000000000000013704100000000002               0613704     08021500000000500000000000012N080115000000000000010000000000000000000000000000000000000000000000000120460981000167RICARDO OLIVA FERREIRA - INTERMEDIACAO CRua Carmine Di Genio,79                             04349030Protesto após 5 dias                                        000029
1                   000902692011248461-13704                  0000000000000013704100000000002               3113704     08021500000000500000000000012N080115000000000000010000000000000000000000000000000000000000000000000120460981000167RICARDO OLIVA FERREIRA - INTERMEDIACAO CRua Carmine Di Genio,79                             04349030Protesto após 5 dias                                        000030
1                   000902692011248461-13708                  0000000000000013708400000000002               0613708     08021500000000500000000000012N080115000000000000010000000000000000000000000000000000000000000000000120665644000106LM SOLUCOES EM INTERMEDIAÇAO CARTORARIA Av. Terceira,271-SL 01                              88330083Protesto após 5 dias                                        000031
1                   000902692011248461-13901                  0000000000000013901P00000000002               3113901     08021500000000865360000000012N030215000000000000010000000000000000000000000000000000000000000000000111165549000152D´ VASQUEZ SERVIÇOS CARTORARIOS LTDA - EAv. Dr. João Guilhermino,293                        12210131Protesto após 5 dias                                        000032
9                                                                                                                                                                                                                                                                                                                                                                                                         000033