01REMESSA01COBRANCA       00000000000004130991SISTEMA DE CARTóRIO CERTIDõES 237BRADESCO       120315        MX0000760                                                                                                                                                                                                                                                                                     000001
1                   000902692011248461-14470                  0000000000000014470600000000002               0614470     11031500000000500000000000012N030315000000000000010000000000000000000000000000000000000000000000000120853398000116ITABIRA SERVICOS CARTORARIOS LTDA       Rua Dom Prudêncio,85 B-SL 02                        35900012Protesto após 5 dias                                        000002
9                                                                                                                                                                                                                                                                                                                                                                                                         000003