01REMESSA01COBRANCA       00000000000004130991SISTEMA DE CARTóRIO CERTIDõES 237BRADESCO       170315        MX0000761                                                                                                                                                                                                                                                                                     000001
1                   000902692011248461-14574                  0000000000000014574500000000002               0114574     19031500000001565950000000012N120315000000000000000000000000000000000000000000000000000000000000000220354043000182Clarice Lopes Moraes Marcheti - ME      Rua Otávio Nunes da Silva, 57                       07021001Referente as ordens 332760/7 ao 90.                         000002
1                   000902692011248461-14575                  0000000000000014575300000000002               0114575     22031500000000250000000000012N120315120000000000000830000000000000000000000000000000000000000000000262232889000190Banco Daycoval S/A                      Avenida Paulista ,1793-02º Andar                    01311200                                                            000003
1                   000902692011248461-14576                  0000000000000014576100000000002               0114576     20031500000000600000000000012N120315000000000000000000000000000000000000000000000000000000000000000217234137000103Postal Services - Assessoria e Serviços Pç das Orquideas, 186                               06453002Referente a criação de HotSite                              000004
1                   000902692011248461-14577                  0000000000000014577P00000000002               0114577     23031500000000400000000000012N130315120000000000001330000000000000000000000000000000000000000000000262232889000190Banco Daycoval S/A                      Avenida Paulista ,1793-02º Andar                    01311200                                                            000005
1                   000902692011248461-14578                  0000000000000014578800000000002               0114578     23031500000000345560000000012N1303150000000000000000000000000000000000000000000000000000000000000002000000005070911 Banco do Brasil S.A.                  Rua Doutor César,  530                              02013002Referente as custas da ordem 345161/1                       000006
1                   000902692011248461-14579                  0000000000000014579600000000002               0114579     26031500000000161000000000012N160315120000000000000540000000000000000000000000000000000000000000000262232889000190Banco Daycoval S/A                      Avenida Paulista ,1793-02º Andar                    01311200                                                            000007
1                   000902692011248461-14580                  0000000000000014580P00000000002               0114580     26031500000020000000000000012N170315000000000000000000000000000000000000000000000000000000000000000100011197102604Carlos Alberto Gil Gomes                Rua João Pessoa, quadra 75 –Lote 16                 68503200TAXA DE FRANQUIA - MARABÁ/PA                                000008
1                   000902692011248461-14581                  0000000000000014581800000000002               0114581     26031500000010000000000000012N170315000000000000000000000000000000000000000000000000000000000000000100011197102604Carlos Alberto Gil Gomes                Rua João Pessoa, quadra 75 –Lote 16                 68503200TAXA DE FRANQUIA - MARABÁ/PA                                000009
1                   000902692011248461-14448                  0000000000000014448P00000000002               0614448     17031500000000500000000000012N030315000000000000010000000000000000000000000000000000000000000000000119044805000165RB CONSULTORIA E ASSESSORIA EIRELI      Rua Eliseu Guilherme,724                            14025020Protesto após 5 dias                                        000010
9                                                                                                                                                                                                                                                                                                                                                                                                         000011