01REMESSA01COBRANCA       00000000000004130991SISTEMA DE CARTóRIO CERTIDõES 237BRADESCO       170415        MX0000766                                                                                                                                                                                                                                                                                     000001
1                   000902692011248461-15293                  0000000000000015293800000000002               0115293     05051500000001819850000000012N100415120000000000006070000000000000000000000000000000000000000000000208537658000149BRÁS EMPREENDIMENTO IMOBILIÁRIO SPE LTDAAvenida Engenheiro Luiz Carlos Berrini ,            04571010                                                            000002
1                   000902692011248461-15294                  0000000000000015294600000000002               0115294     05051500000000093940000000012N100415120000000000000310000000000000000000000000000000000000000000000208536102000138CONQUISTA EMPREENDIMENTO IMOBILIÁRIO SPEAvenida Engenheiro Luiz Carlos Berrini,1            04571010                                                            000003
1                   000902692011248461-15295                  0000000000000015295400000000002               0115295     05051500000000093940000000012N100415120000000000000310000000000000000000000000000000000000000000000208188603000170ELTANIN INCORPORADORA LTDA              Avenida Engenheiro Luiz Carlos Berrini ,            04571010                                                            000004
1                   000902692011248461-15296                  0000000000000015296200000000002               0115296     05051500000000311080000000012N100415120000000000001040000000000000000000000000000000000000000000000208982379000194GOLD ACRE EMPREENDIMENTOS IMOBILIÁRIOS SAvenida Engenheiro Luiz Carlos Berrini,1            04571010                                                            000005
1                   000902692011248461-15297                  0000000000000015297000000000002               0115297     05051500000000061600000000012N100415120000000000000210000000000000000000000000000000000000000000000207979199000190ILHAS GREGAS INCORPORADORA SPE LTDA     Avenida Engenheiro Luiz Carlos Berrini ,            04571010                                                            000006
1                   000902692011248461-15298                  0000000000000015298900000000002               0115298     05051500000000821680000000012N100415120000000000002740000000000000000000000000000000000000000000000207421434000104JARDIM DAS VERTENTES INCORPORADORA SPE LAvenida Engenheiro Luiz Carlos Berrini ,            04571010                                                            000007
1                   000902692011248461-15299                  0000000000000015299700000000002               0115299     05051500000000174350000000012N100415120000000000000580000000000000000000000000000000000000000000000211837203000153PDG SP 10 INCORPORAÇÃOES SPE LTDA       Avenida Engenheiro Luiz Carlos Berrini ,            04571010                                                            000008
1                   000902692011248461-15300                  0000000000000015300400000000002               0115300     05051500000001102420000000012N100415120000000000003670000000000000000000000000000000000000000000000211864661000181PDG SP 15 INCORPORAÇÕES SPE LTDA        Avenida Engenheiro Luiz Carlos Berrini ,            04571010                                                            000009
1                   000902692011248461-15301                  0000000000000015301200000000002               0115301     27041500000003262430000000012N100415120000000000010870000000000000000000000000000000000000000000000211837131000144PDG SP 2 INCORPORAÇÕES SPE LTDA         Avenida Engenheiro Luiz Carlos Berrini ,            04571010                                                            000010
1                   000902692011248461-15302                  0000000000000015302000000000002               0115302     05051500000000061600000000012N100415120000000000000210000000000000000000000000000000000000000000000214068577000140PDG SPE 15 EMPREENDIMENTOS IMOBILIARIOS Avenida Engenheiro Luiz Carlos Berrini ,            04571010                                                            000011
1                   000902692011248461-15303                  0000000000000015303900000000002               0115303     05051500000009706760000000012N100415120000000000032360000000000000000000000000000000000000000000000211837131000144PDG SP 2 INCORPORAÇÕES SPE LTDA         Avenida Engenheiro Luiz Carlos Berrini ,            04571010                                                            000012
1                   000902692011248461-15304                  0000000000000015304700000000002               0115304     05051500000000235950000000012N100415120000000000000790000000000000000000000000000000000000000000000213077777000104PDG SPE 17 EMPREENDIMENTOS IMOBILIÁRIOS Avenida Engenheiro Luiz Carlos Berrini,1            04571010                                                            000013
1                   000902692011248461-15305                  0000000000000015305500000000002               0115305     05051500000000262750000000012N100415120000000000000880000000000000000000000000000000000000000000000208156644000185PENIDRE ADMINISTRAÇÃO DE BENS LTDA      Avenida Engenheiro Luiz Carlos Berrini ,            04571010                                                            000014
1                   000902692011248461-15306                  0000000000000015306300000000002               0115306     05051500000002009350000000012N100415120000000000006700000000000000000000000000000000000000000000000208347261000194TANGARÁ INVESTIMENTOS IMOBILIÁRIOS LTDA.Avenida Engenheiro Luiz Carlos Berrini ,            04571010                                                            000015
1                   000902692011248461-15307                  0000000000000015307100000000002               0115307     23041500000000330000000000012N130415120000000000001100000000000000000000000000000000000000000000000200360305407131Caixa Economica Federal                 Estrada de Itapecirica,3429                         05835004                                                            000016
1                   000902692011248461-15308                  0000000000000015308P00000000002               0115308     23041500000000180000000000012N130415120000000000000600000000000000000000000000000000000000000000000253283180000122Tesheiner Cavassani e Giacomazi AdvogadoRua João Adolfo,118-Conj. 405                       01050020                                                            000017
1                   000902692011248461-15309                  0000000000000015309800000000002               0115309     23041500000000150000000000012N130415120000000000000500000000000000000000000000000000000000000000000253283180000122Tesheiner Cavassani e Giacomazi AdvogadoRua João Adolfo,118-Conj. 405                       01050020                                                            000018
1                   000902692011248461-15310                  0000000000000015310100000000002               0115310     23041500000000180000000000012N130415120000000000000600000000000000000000000000000000000000000000000253283180000122Tesheiner Cavassani e Giacomazi AdvogadoRua João Adolfo,118-Conj. 405                       01050020                                                            000019
1                   000902692011248461-15311                  0000000000000015311P00000000002               0115311     23041500000000230000000000012N130415120000000000000770000000000000000000000000000000000000000000000200360305267887104 Caixa Econômica Federal             Rua São Joaquim ,69-5º andar                        01508001                                                            000020
1                   000902692011248461-15312                  0000000000000015312800000000002               0115312     24041500000000083570000000012N140415000000000000000000000000000000000000000000000000000000000000000253283180000122Tesheiner Cavassani e Giacomazi AdvogadoRua João Adolfo, 118                                01050020Referente as custas da ordem #343366/6                      000021
1                   000902692011248461-15313                  0000000000000015313600000000002               0115313     24041500000000180000000000012N140415120000000000000600000000000000000000000000000000000000000000000253283180000122Tesheiner Cavassani e Giacomazi AdvogadoRua João Adolfo,118-Conj. 405                       01050020                                                            000022
1                   000902692011248461-15314                  0000000000000015314400000000002               0115314     25041500000000060000000000012N150415120000000000000200000000000000000000000000000000000000000000000205888414000112CREAÇÕES MX FASHION LIMITADA            Rua Aimorés - lado par,210                          01122010                                                            000023
1                   000902692011248461-15315                  0000000000000015315200000000002               0115315     30041500000005000000000000012N150415000000000000000000000000000000000000000000000000000000000000000100006429671488ILRIGEL ALVES SEMANN FILHO              RUA 114, Nº 5 JD. MARANGUAPE                        53442150TAXA DE FRANQUIA JABOATÃO DOS GUARARAPES                    000024
1                   000902692011248461-15316                  0000000000000015316000000000002               0115316     05061500000003000000000000012N150415000000000000000000000000000000000000000000000000000000000000000100022110537850JANAINA OLIVEIRA DE ALMEIDA             RUA FORMOSA, 11- Vila Yolanda                       06124030TAXA DE FRANQUIA - CARAPICUIBA - PRORROGAÇÃO                000025
1                   000902692011248461-15317                  0000000000000015317900000000002               0115317     05071500000003000000000000012N150415000000000000000000000000000000000000000000000000000000000000000100022110537850JANAINA OLIVEIRA DE ALMEIDA             RUA FORMOSA, 11- Vila Yolanda                       06124030TAXA DE FRANQUIA - CARAPICUIBA - PRORROGAÇÃO                000026
1                   000902692011248461-15318                  0000000000000015318700000000002               0115318     26041500000001478490000000012N160415120000000000004930000000000000000000000000000000000000000000000262232889000190Banco Daycoval S/A                      Avenida Paulista ,1793-02º Andar        1,5% - IRRF 01311200Referente aos pedidos 339612/1, 348264/1 e 346780/1         000027
1                   000902692011248461-15319                  0000000000000015319500000000002               0115319     26041500000000180000000000012N160415120000000000000600000000000000000000000000000000000000000000000253283180000122Tesheiner Cavassani e Giacomazi AdvogadoRua João Adolfo,118-Conj. 405                       01050020                                                            000028
1                   000902692011248461-15320                  0000000000000015320900000000002               0115320     26041500000000100000000000012N160415120000000000000330000000000000000000000000000000000000000000000200360305292644104 Caixa Econômica Federal             Rua Olimpíadas ,205                                 04551000                                                            000029
1                   000902692011248461-15321                  0000000000000015321700000000002               0115321     27041500000002511990000000012N170415120000000000008370000000000000000000000000000000000000000000000248539407000118BASF S/A                                AV. ÂNGELO DEMARCHI,123-PRÉDIO E35 1º AN            09844900                                                            000030
1                   000902692011248461-15322                  0000000000000015322500000000002               0115322     27041500000020000000000000012N170415000000000000000000000000000000000000000000000000000000000000000100007380269488ALDO MAGNO DA SILVA SANTOS              RUA BARATA RIBEIRO, 194 AP. 1121                    22011900TAXA DE FRANQUIA - BOTAFOGO/RJ                              000031
1                   000902692011248461-15323                  0000000000000015323300000000002               0115323     27041500000010000000000000012N170415000000000000000000000000000000000000000000000000000000000000000100007380269488ALDO MAGNO DA SILVA SANTOS              RUA BARATA RIBEIRO, 194 AP. 1121                    22011900TAXA DE FRANQUIA - BOTAFOGO/RJ                              000032
1                   000902692011248461-15288                  0000000000000015288100000000002               3115288     20041500000000965980000000012N100415120000000000010000000000000000000000000000000000000000000000000200360305025441104 Caixa Econômica Federal             Rua Joaquim Floriano,446                            04534002                                                            000033
1                   000902692011248461-15288                  0000000000000015288100000000002               3115288     20041500000001007090000000012N100415120000000000010000000000000000000000000000000000000000000000000200360305025441104 Caixa Econômica Federal             Rua Joaquim Floriano,446                            04534002                                                            000034
1                   000902692011248461-15279                  0000000000000015279200000000002               3115279     17041500000000201000000000012N070415120000000000010000000000000000000000000000000000000000000000000251181287000134Extimpaul Equipamentos Contra Incendio LRua Campista,88                                     02314080                                                            000035
1                   000902692011248461-14572                  0000000000000014572900000000002               0614572     24041500000000856800000000012N110315120000000000010000000000000000000000000000000000000000000000000200360305098830CAIXA ECONOMICA FEDERAL                 Avenida Padre Antônio José dos Santos ,4            04563013                                                            000036
9                                                                                                                                                                                                                                                                                                                                                                                                         000037