01REMESSA01COBRANCA       00000000000004130991SISTEMA DE CARTÛRIO CERTIDıES 237BRADESCO       170415        MX0000767                                                                                                                                                                                                                                                                                     000001
1                   000902692011248461-15322                  0000000000000015322500000000002               3115322     27041500000020000000000000012N170415000000000000000000000000000000000000000000000000000000000000000100007380269488ALDO MAGNO DA SILVA SANTOS              RUA BARATA RIBEIRO, 194 AP. 1121                    22011900TAXA DE FRANQUIA - LEME/RJ                                  000002
1                   000902692011248461-15323                  0000000000000015323300000000002               3115323     27041500000010000000000000012N170415000000000000000000000000000000000000000000000000000000000000000100007380269488ALDO MAGNO DA SILVA SANTOS              RUA BARATA RIBEIRO, 194 AP. 1121                    22011900TAXA DE FRANQUIA - LEME/RJ                                  000003
9                                                                                                                                                                                                                                                                                                                                                                                                         000004