01REMESSA01COBRANCA       00000000000004130991SISTEMA DE CARTóRIO CERTIDõES 237BRADESCO       190315        MX0000762                                                                                                                                                                                                                                                                                     000001
1                   000902692011248461-14582                  0000000000000014582600000000002               0114582     28031500000000330000000000012N180315120000000000001100000000000000000000000000000000000000000000000262232889000190Banco Daycoval S/A                      Avenida Paulista ,1793-02º Andar                    01311200                                                            000002
1                   000902692011248461-14583                  0000000000000014583400000000002               0114583     28031500000001576000000000012N180315120000000000005250000000000000000000000000000000000000000000000262232889000190Banco Daycoval S/A                      Avenida Paulista ,1793-02º Andar                    01311200                                                            000003
1                   000902692011248461-14584                  0000000000000014584200000000002               0114584     28031500000000200000000000012N180315120000000000000670000000000000000000000000000000000000000000000262232889000190Banco Daycoval S/A                      Avenida Paulista ,1793-02º Andar                    01311200                                                            000004
1                   000902692011248461-14585                  0000000000000014585000000000002               0114585     28031500000000330000000000012N180315120000000000001100000000000000000000000000000000000000000000000262232889000190Banco Daycoval S/A                      Avenida Paulista ,1793-02º Andar                    01311200                                                            000005
1                   000902692011248461-14586                  0000000000000014586900000000002               0114586     28031500000001270650000000012N180315120000000000004240000000000000000000000000000000000000000000000262232889000190Banco Daycoval S/A                      Avenida Paulista ,1793-02º Andar                    01311200                                                            000006
1                   000902692011248461-14587                  0000000000000014587700000000002               0114587     28031500000000150000000000012N180315120000000000000500000000000000000000000000000000000000000000000253283180000122Tesheiner Cavassani e Giacomazi AdvogadoRua João Adolfo,118-Conj. 405                       01050020                                                            000007
1                   000902692011248461-14588                  0000000000000014588500000000002               0114588     19031500000000600000000000012N180315000000000000000000000000000000000000000000000000000000000000000220918972000177MIRANDA PRATTES INTERMEDIACAO CARTORARIAAv. Pastor Marting Luther King Jr, 126              20765000Referente a criação de HotSite                              000008
1                   000902692011248461-14589                  0000000000000014589300000000002               0114589     20031500000000600000000000012N190315000000000000000000000000000000000000000000000000000000000000000220925860000143CARTEX INTERMEDIAÇÃO CARTORÁRIA LTDA - MSQS QD 01 BL A, LJ 05                               70322900TAXA - CRIAÇÃO HOTSITE BRASILIA LOJA 03                     000009
9                                                                                                                                                                                                                                                                                                                                                                                                         000010