01REMESSA01COBRANCA       00000000000004130991SISTEMA DE CARTóRIO CERTIDõES 237BRADESCO       220115        MX0000751                                                                                                                                                                                                                                                                                     000001
1                   000902692011248461-13847                  0000000000000013847100000000002               0113847     25011500000000050000000000012N150115120000000000000170000000000000000000000000000000000000000000000200360305063700104 Caixa Econômica Federal             AV: Rui Barbosa,281/287                             06311000                                                            000002
1                   000902692011248461-13848                  0000000000000013848P00000000002               0113848     25011500000000176000000000012N150115120000000000000590000000000000000000000000000000000000000000000217184037010506389 Banco Mercantil do Brasil S.A.      Avenida Paulista ,925-1º ANDAR                      01311100                                                            000003
1                   000902692011248461-13849                  0000000000000013849800000000002               0113849     05021500000000665300000000012N150115120000000000000000000000000000000000000000000000000000000000000208346093000112ARARAJUBA EMPREENDIMENTO IMOBILIÁRIO SPEAvenida Paulista,1374-13º e 14º andar               01310100Referente a NFS  31729 (Verificar pedido)                   000004
1                   000902692011248461-13850                  0000000000000013850100000000002               0113850     31011500000000243000000000012N210115120000000000000810000000000000000000000000000000000000000000000262232889000190Banco Daycoval S/A                      Avenida Paulista ,1793-02º Andar                    01311200                                                            000005
1                   000902692011248461-13851                  0000000000000013851P00000000002               0113851     31011500000000176000000000012N210115120000000000000590000000000000000000000000000000000000000000000217184037010506389 Banco Mercantil do Brasil S.A.      Avenida Paulista ,925-1º ANDAR                      01311100                                                            000006
1                   000902692011248461-13852                  0000000000000013852800000000002               0113852     31011500000000322000000000012N210115120000000000001070000000000000000000000000000000000000000000000262232889000190Banco Daycoval S/A                      Avenida Paulista ,1793-02º Andar                    01311200                                                            000007
1                   000902692011248461-13853                  0000000000000013853600000000002               0113853     31011500000000520000000000012N210115120000000000001730000000000000000000000000000000000000000000000262232889000190Banco Daycoval S/A                      Avenida Paulista ,1793-02º Andar                    01311200                                                            000008
1                   000902692011248461-13854                  0000000000000013854400000000002               0113854     31011500000000484000000000012N210115120000000000001610000000000000000000000000000000000000000000000262232889000190Banco Daycoval S/A                      Avenida Paulista ,1793-02º Andar                    01311200                                                            000009
1                   000902692011248461-13855                  0000000000000013855200000000002               0113855     28011500000000100000000000012N220115000000000000000000000000000000000000000000000000000000000000000200360305297875104 Caixa Econômica Federal             Rua Dom José Gaspar, 1194                           09370670Boleto gerado para #321602/2/4                              000010
1                   000902692011248461-13856                  0000000000000013856000000000002               0113856     28011500000000121800000000012N220115000000000000000000000000000000000000000000000000000000000000000217184037010506389 Banco Mercantil do Brasil S.A.      Avenida Paulista , 925                              01311100Referente as custas adicionas da ordem 337654/4             000011
1                   000902692011248461-13857                  0000000000000013857900000000002               0113857     20021500000005600000000000012N220115000000000000000000000000000000000000000000000000000000000000000100000540924180Aricer Siriano de Oliveira Cassol       Rua Zacarias Barros, 34 – Qd 03- Lt 02              77823590TAXA DE FRANQUIA SÃO GERALDO DO ARAGUAIA 1ª PARCELA         000012
1                   000902692011248461-13858                  0000000000000013858700000000002               0113858     20031500000005600000000000012N220115000000000000000000000000000000000000000000000000000000000000000100000540924180Aricer Siriano de Oliveira Cassol       Rua Zacarias Barros, 34 – Qd 03- Lt 02              77823590TAXA DE FRANQUIA SÃO GERALDO DO ARAGUAIA 2ª PARCELA         000013
1                   000902692011248461-13859                  0000000000000013859500000000002               0113859     10041500000005600000000000012N220115000000000000000000000000000000000000000000000000000000000000000100000540924180Aricer Siriano de Oliveira Cassol       Rua Zacarias Barros, 34 – Qd 03- Lt 02              77823590TAXA DE FRANQUIA SÃO GERALDO DO ARAGUAIA 3ª PARCELA         000014
1                   000902692011248461-13803                  0000000000000013803P00000000002               0213803     30011500000000056000000000012N090115120000000000010000000000000000000000000000000000000000000000000205404026000119AGRA CYRELA SPE LTDA                    Avenida Paulista,1374-13º e 14º andar               01310100                                                            000015
1                   000902692011248461-13841                  0000000000000013841200000000002               0213841     30011500000000056000000000012N120115120000000000010000000000000000000000000000000000000000000000000207939138000108ARBORIS EMPREENDIMENTO IMOBILIÁRIO SPE LAvenida Paulista,1374-13º e 14º andar               01310100                                                            000016
1                   000902692011248461-13819                  0000000000000013819600000000002               0213819     30011500000000046500000000012N120115120000000000010000000000000000000000000000000000000000000000000208994068000145GOLD PANAMA EMPREENDIMENTOS IMOBILIARIOSAvenida Paulista,1374-13º e 14º andar               01310100                                                            000017
1                   000902692011248461-13820                  0000000000000013820P00000000002               0213820     30011500000000056000000000012N120115120000000000010000000000000000000000000000000000000000000000000208604224000114GOLD RECIFE EMPREENDIMENTOS IMOBILIÁRIOSAvenida Paulista,1374-13º e 14º andar               01310100                                                            000018
1                   000902692011248461-13821                  0000000000000013821800000000002               0213821     30011500000000056000000000012N120115120000000000010000000000000000000000000000000000000000000000000211216807000182GOLDFARB 13 EMPREENDIMENTO IMOBILIÁRIO LAvenida Paulista,1374-13º e 14º andar               01310100                                                            000019
1                   000902692011248461-13823                  0000000000000013823400000000002               0213823     30011500000000085400000000012N120115120000000000010000000000000000000000000000000000000000000000000211405512000154GOLDFARB 21 EMPREENDIMENTO IMOBILIARIO LAvenida Paulista,1374-13º e 14º andar               01310100                                                            000020
1                   000902692011248461-13826                  0000000000000013826900000000002               0213826     30011500000000253400000000012N120115120000000000010000000000000000000000000000000000000000000000000208528163000153GOLDFARB SERVIÇOS FINANCEIROS IMOBILIÁRIAvenida Paulista,1374-13º e 14º andar               01310100                                                            000021
1                   000902692011248461-13833                  0000000000000013833100000000002               0213833     30011500000000056000000000012N120115120000000000010000000000000000000000000000000000000000000000000211837146000102PDG SP 4 INCORPORAÇÕES SPE LTDA         Avenida Paulista,1374-13º e 14º andar               01310100                                                            000022
1                   000902692011248461-13804                  0000000000000013804800000000002               0613804     05021500000001555500000000012N090115120000000000010000000000000000000000000000000000000000000000000208346093000112ARARAJUBA EMPREENDIMENTO IMOBILIÁRIO SPEAvenida Paulista,1374-13º e 14º andar               01310100                                                            000023
1                   000902692011248461-13805                  0000000000000013805600000000002               0613805     05021500000000568500000000012N090115120000000000010000000000000000000000000000000000000000000000000208537658000149BRÁS EMPREENDIMENTO IMOBILIÁRIO SPE LTDAAvenida Paulista,1374-13º e 14º andar               01310100                                                            000024
1                   000902692011248461-13806                  0000000000000013806400000000002               0613806     05021500000000112000000000012N090115120000000000010000000000000000000000000000000000000000000000000207698561000155CONDESSA EMPREENDIMENTOS IMOBILIÁRIOS  LAvenida Paulista,1374-13º e 14º andar               01310100                                                            000025
1                   000902692011248461-13808                  0000000000000013808000000000002               0613808     05021500000000112000000000012N090115120000000000010000000000000000000000000000000000000000000000000208536102000138CONQUISTA EMPREENDIMENTOS IMOBILIARIO SPAvenida Paulista,1374-13º e 14º andar               01310100                                                            000026
1                   000902692011248461-13809                  0000000000000013809900000000002               0613809     05021500000000373600000000012N120115120000000000010000000000000000000000000000000000000000000000000208188603000170ELTANIN INCORPORADORA LTDA              Avenida Paulista,1374-13º e 14º andar               01310100                                                            000027
1                   000902692011248461-13810                  0000000000000013810200000000002               0613810     05021500000000317000000000012N120115120000000000010000000000000000000000000000000000000000000000000211837088000117GDP 16 INCORPORAÇÃOES SPE LTDA          Avenida Paulista,1374-13º e 14º andar               01310100                                                            000028
1                   000902692011248461-13810                  0000000000000013810200000000002               0613810     05021500000000317000000000012N120115120000000000010000000000000000000000000000000000000000000000000211837088000117GDP 16 INCORPORAÇÃOES SPE LTDA          Avenida Paulista,1374-13º e 14º andar               01310100                                                            000029
1                   000902692011248461-13811                  0000000000000013811000000000002               0613811     05021500000000780510000000012N120115120000000000010000000000000000000000000000000000000000000000000208982379000194GOLD ACRE EMPREENDIMENTOS IMOBILIÁRIOS SAvenida Paulista,1374-13º e 14º andar               01310100                                                            000030
1                   000902692011248461-13812                  0000000000000013812900000000002               0613812     05021500000000112000000000012N120115120000000000010000000000000000000000000000000000000000000000000209312936000122GOLD BEIGE EMPREEENDIMENTOS IMOBILIÁRIOSAvenida Paulista,1374-13º e 14º andar               01310100                                                            000031
1                   000902692011248461-13813                  0000000000000013813700000000002               0613813     05021500000000112000000000012N120115120000000000010000000000000000000000000000000000000000000000000209498149000117GOLD FLÓRIDA EMPREENDIMENTOS IMOBILIÁRIOAvenida Paulista,1374-13º e 14º andar               01310100                                                            000032
1                   000902692011248461-13814                  0000000000000013814500000000002               0613814     05021500000000197400000000012N120115120000000000010000000000000000000000000000000000000000000000000209665940000174GOLD FOLEGANDROS EMPREENDIMENTOS IMOBILIAvenida Paulista,1374-13º e 14º andar               01310100                                                            000033
1                   000902692011248461-13815                  0000000000000013815300000000002               0613815     05021500000000056000000000012N120115120000000000010000000000000000000000000000000000000000000000000210899967000100GOLD LEROS EMPREENDIMENTOS IMOBILIÁRIOS Avenida Paulista,1374-13º e 14º andar               01310100                                                            000034
1                   000902692011248461-13816                  0000000000000013816100000000002               0613816     05021500000000141400000000012N120115120000000000010000000000000000000000000000000000000000000000000208712682000177GOLD LISBOA EMPREENDIMENTOS IMOBILIÁRIOSAvenida Paulista,1374-13º e 14º andar               01310100                                                            000035
1                   000902692011248461-13817                  0000000000000013817P00000000002               0613817     05021500000000056000000000012N120115120000000000010000000000000000000000000000000000000000000000000208737007000100GOLD MILANO EMPREENDIMENTOS IMOBILIÁRIOSAvenida Paulista,1374-13º e 14º andar               01310100                                                            000036
1                   000902692011248461-13818                  0000000000000013818800000000002               0613818     05021500000000168000000000012N120115120000000000010000000000000000000000000000000000000000000000000209185079000147GOLD NIGÉRIA EMPREENDIMENTOS IMOBILIÁRIOAvenida Paulista,1374-13º e 14º andar               01310100                                                            000037
1                   000902692011248461-13822                  0000000000000013822600000000002               0613822     05021500000000056000000000012N120115120000000000010000000000000000000000000000000000000000000000000211405508000196GOLDFARB 19  EMPREENDIMENTO IMOBILIÁRIO Avenida Paulista,1374-13º e 14º andar               01310100                                                            000038
1                   000902692011248461-13824                  0000000000000013824200000000002               0613824     05021500000000653000000000012N120115120000000000010000000000000000000000000000000000000000000000000211405518000121GOLDFARB 25 EMPREENDIMENTO IMOBILIÁRIO LAvenida Paulista,1374-13º e 14º andar               01310100                                                            000039
1                   000902692011248461-13825                  0000000000000013825000000000002               0613825     05021500000000280000000000012N120115120000000000010000000000000000000000000000000000000000000000000211444235000199GOLDFARB 38 EMPREENDIMENTOS IMOBILIÁRIOSAvenida Paulista,1374-13º e 14º andar               01310100                                                            000040
1                   000902692011248461-13827                  0000000000000013827700000000002               0613827     05021500000001083500000000012N120115120000000000010000000000000000000000000000000000000000000000000207979199000190ILHAS GREGAS INCORPORADORA SPE LTDA     Avenida Paulista,1374-13º e 14º andar               01310100                                                            000041
1                   000902692011248461-13828                  0000000000000013828500000000002               0613828     05021500000004269480000000012N120115120000000000010000000000000000000000000000000000000000000000000207421434000104JARDIM DAS VERTENTES INCORPORADORA SPE LAvenida Paulista,1374                               01310100                                                            000042
1                   000902692011248461-13829                  0000000000000013829300000000002               0613829     05021500000000168000000000012N120115120000000000010000000000000000000000000000000000000000000000000212436890000168JLO BROOKLIN EMPREENDIMENTO IMOBILIÁRIO AV PAULISTA,1374-13º e 14º andar                    01013100                                                            000043
1                   000902692011248461-13830                  0000000000000013830700000000002               0613830     05021500000000112000000000012N120115120000000000010000000000000000000000000000000000000000000000000211794936000158PDG MASB EMPRENDIMENTO IMOBILIÁRIO SPE LAV PAULISTA,1374-13º e 14º andar                    01013100                                                            000044
1                   000902692011248461-13831                  0000000000000013831500000000002               0613831     05021500000002470770000000012N120115120000000000010000000000000000000000000000000000000000000000000211864661000181PDG SP 15 INCORPORAÇÃOES SPE LTDA       Avenida Paulista,1374-13º e 14º andar               01310100                                                            000045
1                   000902692011248461-13832                  0000000000000013832300000000002               0613832     05021500000000168000000000012N120115120000000000010000000000000000000000000000000000000000000000000211837131000144PDG SP 2 INCORPORAÇÃOES  SPE LTDA       Avenida Paulista,1374-13º e 14º andar               01310100                                                            000046
1                   000902692011248461-13834                  0000000000000013834P00000000002               0613834     05021500000000112000000000012N120115120000000000010000000000000000000000000000000000000000000000000211837193000156PDG SP 6 INCORPORAÇÃOES SPE LTDA        Avenida Paulista,1374-13º e 14º andar               01310100                                                            000047
1                   000902692011248461-13835                  0000000000000013835800000000002               0613835     05021500000000112000000000012N120115120000000000010000000000000000000000000000000000000000000000000214068577000140PDG SPE 15 EMPREENDIMENTOS IMOBILIÁRIOS Avenida Paulista,1374-13º e 14º andar               01310100                                                            000048
1                   000902692011248461-13836                  0000000000000013836600000000002               0613836     05021500000002311810000000012N120115120000000000010000000000000000000000000000000000000000000000000213077777000104PDG SPE 17 EMPREENDIMENTOS IMOBILIÁRIOS Avenida Paulista,1374-13º e 14º andar               01310100                                                            000049
1                   000902692011248461-13837                  0000000000000013837400000000002               0613837     05021500000000679650000000012N120115120000000000010000000000000000000000000000000000000000000000000208156644000185PENIDRE ADMINISTRAÇÃO DE BENS LTDA      Avenida Paulista,1374-13º e 14º andar               01310100                                                            000050
1                   000902692011248461-13838                  0000000000000013838200000000002               0613838     05021500000002450880000000012N120115120000000000010000000000000000000000000000000000000000000000000207273982000134PEREIRA BARRETO EMPREENDIMENTOS IMOBILIÁAvenida Paulista,1374-13º e 14º andar               01310100                                                            000051
1                   000902692011248461-13839                  0000000000000013839000000000002               0613839     05021500000000530500000000012N120115120000000000010000000000000000000000000000000000000000000000000207979199000190SPE ILHAS GREGAS INCORPORADORA SPE LTDA Avenida Paulista,1374-13º e 14º andar               01310100                                                            000052
1                   000902692011248461-13840                  0000000000000013840400000000002               0613840     05021500000000251500000000012N120115120000000000010000000000000000000000000000000000000000000000000207421434000104SPE JARDIM DAS VERTENTES INCORPORADORA SAvenida Paulista,1374-13º e 14º andar               01310100                                                            000053
1                   000902692011248461-13807                  0000000000000013807200000000002               0613807     05021500000000085400000000012N090115120000000000010000000000000000000000000000000000000000000000000208536102000138CONQUISTA EMPREENDIMENTO IMOBILIÁRIO SPEAvenida Paulista,1374-13º e 14º andar               01310100                                                            000054
1                   000902692011248461-10986                  0000000000000010986200000000002               0610986     29011500000000188000000000012N180714120000000000010000000000000000000000000000000000000000000000000216587135000135SBA Torres Brasil, Limitada             Alameda Madeira,222-15º andar                       06454010                                                            000055
9                                                                                                                                                                                                                                                                                                                                                                                                         000056