01REMESSA01COBRANCA       00000000000004130991SISTEMA DE CARTóRIO CERTIDõES 237BRADESCO       230315        MX0000763                                                                                                                                                                                                                                                                                     000001
1                   000902692011248461-14591                  0000000000000014591500000000002               0114591     30031500000000204010000000012N200315120000000000000680000000000000000000000000000000000000000000000248539407000118BASF S/A                                AV. ÂNGELO DEMARCHI,123-PRÉDIO E35 1º AN            09844900                                                            000002
1                   000902692011248461-14592                  0000000000000014592300000000002               0114592     30031500000000600000000000012N200315120000000000002000000000000000000000000000000000000000000000000262232889000190Banco Daycoval S/A                      Avenida Paulista ,1793-02º Andar                    01311200                                                            000003
1                   000902692011248461-14593                  0000000000000014593100000000002               0114593     30031500000000260000000000012N200315120000000000000870000000000000000000000000000000000000000000000210377191000169ACM ASSESSORIA CONTABIL LTDA            Avenida Capitão Mário Toledo de Camargo,            09170150                                                            000004
1                   000902692011248461-14594                  0000000000000014594P00000000002               0114594     30031500000000176000000000012N200315120000000000000590000000000000000000000000000000000000000000000200360305025441104 Caixa Econômica Federal             Rua Joaquim Floriano,446                            04534002                                                            000005
1                   000902692011248461-14595                  0000000000000014595800000000002               0114595     30031500000000176000000000012N200315120000000000000590000000000000000000000000000000000000000000000200360305267887104 Caixa Econômica Federal             Rua São Joaquim ,69-5º andar                        01508001                                                            000006
1                   000902692011248461-14596                  0000000000000014596600000000002               0114596     30031500000000176000000000012N200315120000000000000590000000000000000000000000000000000000000000000200360305267887104 Caixa Econômica Federal             Rua São Joaquim ,69-5º andar                        01508001                                                            000007
1                   000902692011248461-14597                  0000000000000014597400000000002               0114597     30031500000000176000000000012N200315120000000000000590000000000000000000000000000000000000000000000200360305025441104 Caixa Econômica Federal             Rua Joaquim Floriano,446                            04534002                                                            000008
1                   000902692011248461-14598                  0000000000000014598200000000002               0114598     23031500000000200000000000012N200315120000000000000670000000000000000000000000000000000000000000000262232889000190Banco Daycoval S/A                      Avenida Paulista ,1793-02º Andar                    01311200                                                            000009
1                   000902692011248461-14599                  0000000000000014599000000000002               0114599     23031500000000200000000000012N200315120000000000000670000000000000000000000000000000000000000000000262232889000190Banco Daycoval S/A                      Avenida Paulista ,1793-02º Andar                    01311200                                                            000010
1                   000902692011248461-14589                  0000000000000014589300000000002               0614589     23031500000000600000000000012N190315000000000000000000000000000000000000000000000000000000000000000220925860000143CARTEX INTERMEDIAÇÃO CARTORÁRIA LTDA - MSQS QD 01 BL A, LJ 05                               70322900TAXA - CRIAÇÃO HOTSITE BRASILIA LOJA 03                     000011
1                   000902692011248461-14569                  0000000000000014569900000000002               3114569     20041500000010000000000000012N110315000000000000000000000000000000000000000000000000000000000000000100008226039690ADEMAR BATISTA PEREIRA JUNIOR           RUA 25 DE MARÇO, Nº 200, APTO 2201                  60060120TAXA DE FRANQUIA - UBERLÂNDIA/MG 2ª PARCELA                 000012
1                   000902692011248461-14570                  0000000000000014570200000000002               3114570     20051500000010000000000000012N110315000000000000000000000000000000000000000000000000000000000000000100008226039690ADEMAR BATISTA PEREIRA JUNIOR           RUA 25 DE MARÇO, Nº 200, APTO 2201                  60060120TAXA DE FRANQUIA - UBERLÂNDIA/MG 3ª PARCELA                 000013
1                   000902692011248461-14571                  0000000000000014571000000000002               3114571     20061500000015000000000000012N110315000000000000000000000000000000000000000000000000000000000000000100008226039690ADEMAR BATISTA PEREIRA JUNIOR           RUA 25 DE MARÇO, Nº 200, APTO 2201                  60060120TAXA DE FRANQUIA - UBERLÂNDIA/MG 4ª PARCELA                 000014
9                                                                                                                                                                                                                                                                                                                                                                                                         000015