01REMESSA01COBRANCA       00000000000004130991SISTEMA DE CARTóRIO CERTIDõES 237BRADESCO       250215        MX0000755                                                                                                                                                                                                                                                                                     000001
1                   000902692011248461-14275                  0000000000000014275400000000002               0114275     21021500000000320000000000012N1102151200000000000010700000000000000000000000000000000000000000000002000000005070911 Banco do Brasil S.A.                  Rua Doutor César,530-11º andar                      02013002Taxa de execução dos pedidos #340736/1                      000002
1                   000902692011248461-14276                  0000000000000014276200000000002               0114276     21021500000001505350000000012N1102151200000000000050200000000000000000000000000000000000000000000002000000005070911 Banco do Brasil S.A.                  Rua Doutor César,530-11º andar                      02013002                                                            000003
1                   000902692011248461-14277                  0000000000000014277000000000002               0114277     21021500000006436720000000012N1102150000000000000000000000000000000000000000000000000000000000000002000000005070911 Banco do Brasil S.A.                  Rua Doutor César, 530 - 11º andar                   02013002Referente as custas da ordem 345161/1 a 6                   000004
1                   000902692011248461-14278                  0000000000000014278900000000002               0114278     13021500000026000000000000012N120215000000000000000000000000000000000000000000000000000000000000000100022110537850JANAINA OLIVEIRA DE ALMEIDA             RUA FORMOSA, 11..- Vila Yolanda                     06124030TAXA DE FRANQUIA - CARAPICUIBA/SP 1ª PARCELA                000005
1                   000902692011248461-14279                  0000000000000014279700000000002               0114279     10031500000003000000000000012N120215000000000000000000000000000000000000000000000000000000000000000100022110537850JANAINA OLIVEIRA DE ALMEIDA             RUA FORMOSA, 11..- Vila Yolanda                     06124030TAXA DE FRANQUIA - CARAPICUIBA/SP 2ª PARCELA                000006
1                   000902692011248461-14280                  0000000000000014280000000000002               0114280     10041500000003000000000000012N120215000000000000000000000000000000000000000000000000000000000000000100022110537850JANAINA OLIVEIRA DE ALMEIDA             RUA FORMOSA, 11..- Vila Yolanda                     06124030TAXA DE FRANQUIA - CARAPICUIBA/SP 3ª PARCELA                000007
1                   000902692011248461-14281                  0000000000000014281900000000002               0114281     10051500000003000000000000012N120215000000000000000000000000000000000000000000000000000000000000000100022110537850JANAINA OLIVEIRA DE ALMEIDA             RUA FORMOSA, 11..- Vila Yolanda                     06124030TAXA DE FRANQUIA - CARAPICUIBA/SP 4ª PARCELA                000008
1                   000902692011248461-14282                  0000000000000014282700000000002               0114282     22021500000000300000000000012N120215120000000000001000000000000000000000000000000000000000000000000200360305098830CAIXA ECONOMICA FEDERAL                 Avenida Padre Antônio José dos Santos ,4            04563011                                                            000009
1                   000902692011248461-14283                  0000000000000014283500000000002               0114283     02031500000000160000000000012N200215120000000000000530000000000000000000000000000000000000000000000210377191000169ACM ASSESSORIA CONTABIL LTDA            Avenida Capitão Mário Toledo de Camargo,            09170150                                                            000010
1                   000902692011248461-14284                  0000000000000014284300000000002               0114284     05031500000001773000000000012N230215120000000000005910000000000000000000000000000000000000000000000262232889000190Banco Daycoval S/A                      Avenida Paulista ,1793-02º Andar                    01311200                                                            000011
1                   000902692011248461-14285                  0000000000000014285100000000002               0114285     06031500000000261000000000012N240215120000000000000870000000000000000000000000000000000000000000000262232889000190Banco Daycoval S/A                      Avenida Paulista ,1793-02º Andar                    01311200                                                            000012
1                   000902692011248461-14286                  0000000000000014286P00000000002               0114286     06031500000000483000000000012N240215120000000000001610000000000000000000000000000000000000000000000262232889000190Banco Daycoval S/A                      Avenida Paulista ,1793-02º Andar                    01311200                                                            000013
1                   000902692011248461-14287                  0000000000000014287800000000002               0114287     06031500000000652000000000012N240215120000000000002170000000000000000000000000000000000000000000000262232889000190Banco Daycoval S/A                      Avenida Paulista ,1793-02º Andar                    01311200                                                            000014
1                   000902692011248461-14288                  0000000000000014288600000000002               0114288     06031500000001287200000000012N240215120000000000004290000000000000000000000000000000000000000000000262232889000190Banco Daycoval S/A                      Avenida Paulista ,1793-02º Andar                    01311200                                                            000015
1                   000902692011248461-14289                  0000000000000014289400000000002               0114289     25021500000001950000000000012N240215000000000000000000000000000000000000000000000000000000000000000219318001000107SOBRAL INTERMEDIAÇÃO DE DOCUMENTOS LTDA Rua Tabelião Ildefonso Cavalcante, 417              620100151º parc do Acordo de Royalties                              000016
1                   000902692011248461-14290                  0000000000000014290800000000002               0114290     13031500000001950000000000012N240215000000000000000000000000000000000000000000000000000000000000000219318001000107SOBRAL INTERMEDIAÇÃO DE DOCUMENTOS LTDA Rua Tabelião Ildefonso Cavalcante, 417              620100152º parc do Acordo dos Royalties                             000017
1                   000902692011248461-14291                  0000000000000014291600000000002               0114291     27021500000010000000000000012N250215000000000000000000000000000000000000000000000000000000000000000100062166441149FRANCISBENE MONTEIRO MAYER              Rua Salin Nadaf, 1186                               78110510TAXA DE FRANQUIA - VÁRZEA GRANDE/MT 1ª PARCELA              000018
1                   000902692011248461-14292                  0000000000000014292400000000002               0114292     27051500000015000000000000012N250215000000000000000000000000000000000000000000000000000000000000000100062166441149FRANCISBENE MONTEIRO MAYER              Rua Salin Nadaf, 1186                               78110510TAXA DE FRANQUIA - VÁRZEA GRANDE/MT 2ª PARCELA              000019
1                   000902692011248461-14293                  0000000000000014293200000000002               0114293     27061500000015000000000000012N250215000000000000000000000000000000000000000000000000000000000000000100062166441149FRANCISBENE MONTEIRO MAYER              Rua Salin Nadaf, 1186                               78110510TAXA DE FRANQUIA - VÁRZEA GRANDE/MT 3ª PARCELA              000020
9                                                                                                                                                                                                                                                                                                                                                                                                         000021