01REMESSA01COBRANCA       00000000000004130991SISTEMA DE CARTóRIO CERTIDõES 237BRADESCO       270115        MX0000752                                                                                                                                                                                                                                                                                     000001
1                   000902692011248461-13860                  0000000000000013860900000000002               0113860     28011500000007991110000000012N230115000000000000000000000000000000000000000000000000000000000000000216587135000135SBA Torres Brasil, Limitada             Alameda Madeira , 222 - 15º andar                   06454010Referente aos pedidos em aberto até o dia 23/01             000002
1                   000902692011248461-13861                  0000000000000013861700000000002               0113861     30011500000000260000000000012N230115120000000000000870000000000000000000000000000000000000000000000210377191000169ACM ASSESSORIA CONTABIL LTDA            Avenida Capitão Mário Toledo de Camargo,            09170150                                                            000003
1                   000902692011248461-13862                  0000000000000013862500000000002               0113862     30011500000012500000000000012N270115000000000000000000000000000000000000000000000000000000000000000100098495968800CLÁUDIO BATISTA                         Rua Jose Ragozo, 470 sobre loja         1ª parcela  18650000Taxa de Franquia de São Manuel com Pratânia e Areiopolis-SP 000004
1                   000902692011248461-13863                  0000000000000013863300000000002               0113863     03031500000012500000000000012N270115000000000000000000000000000000000000000000000000000000000000000100098495968800CLÁUDIO BATISTA                         Rua Jose Ragozo, 470 sobre loja         2ª parcela  18650000Taxa de Franquia de São Manuel com Pratânia e Areiopolis-SP 000005
1                   000902692011248461-13864                  0000000000000013864100000000002               0113864     01031500000000900000000000012N270115000000000000000000000000000000000000000000000000000000000000000219152213000167MAIS FACIL INTERMEDIAÇÃO CARTORARIA     Av. Cel. Manoel Inocêncio, 631                      12281010Acordo sobre os 10/14, 11/14 e 12/14.                       000006
1                   000902692011248461-13208                  0000000000000013208200000000002               0213208     08121400000000500000000000012N041214000000000000010000000000000000000000000000000000000000000000000120794197000195ANH SERVIÇOS CARTORÁRIOS E DOCUMENTAIS LRua Antônio Teles de Menezes,41-SL 407              25520630Protesto após 5 dias                                        000007
9                                                                                                                                                                                                                                                                                                                                                                                                         000008