01REMESSA01COBRANCA       00000000000004130991SISTEMA DE CARTóRIO CERTIDõES 237BRADESCO       310315        MX0000764                                                                                                                                                                                                                                                                                     000001
1                   000902692011248461-14600                  0000000000000014600800000000002               0114600     31031500000000120000000000012N230315120000000000000400000000000000000000000000000000000000000000000200000000664006Shirley Henklain/BancodoBrasil          Avenida Professor Francisco Morato ,3405            05521000                                                            000002
1                   000902692011248461-14601                  0000000000000014601600000000002               0114601     31031500000000330000000000012N230315120000000000001100000000000000000000000000000000000000000000000253283180000122Tesheiner Cavassani e Giacomazi AdvogadoRua João Adolfo,118-Conj. 405                       01050020                                                            000003
1                   000902692011248461-14602                  0000000000000014602400000000002               0114602     31031500000000260000000000012N230315120000000000000870000000000000000000000000000000000000000000000253283180000122Tesheiner Cavassani e Giacomazi AdvogadoRua João Adolfo,118-Conj. 405                       01050020                                                            000004
1                   000902692011248461-14603                  0000000000000014603200000000002               0114603     31031500000000071520000000012N230315000000000000000000000000000000000000000000000000000000000000000253283180000122Tesheiner Cavassani e Giacomazi AdvogadoRua João Adolfo, 118                                01050020Referente as custas da ordem 348035/8                       000005
1                   000902692011248461-14604                  0000000000000014604000000000002               0114604     31031500000000510000000000012N230315120000000000001700000000000000000000000000000000000000000000000253283180000122Tesheiner Cavassani e Giacomazi AdvogadoRua João Adolfo,118-Conj. 405                       01050020                                                            000006
1                   000902692011248461-14605                  0000000000000014605900000000002               0114605     31031500000000360000000000012N230315120000000000001200000000000000000000000000000000000000000000000253283180000122Tesheiner Cavassani e Giacomazi AdvogadoRua João Adolfo,118-Conj. 405                       01050020                                                            000007
1                   000902692011248461-14606                  0000000000000014606700000000002               0114606     30051500000005000000000000012N240315000000000000000000000000000000000000000000000000000000000000000100002934952460GABRIEL DANTAS VILAR                    R SANDRA VASCONCELOS PEREIRA DE MELO, 44            58411005TAXA DE FRANQUIA - CAMPINA GRANDE/PB 2ª PARCELA             000008
1                   000902692011248461-14607                  0000000000000014607500000000002               0114607     30061500000005000000000000012N240315000000000000000000000000000000000000000000000000000000000000000100002934952460GABRIEL DANTAS VILAR                    R SANDRA VASCONCELOS PEREIRA DE MELO, 44            58411005TAXA DE FRANQUIA - CAMPINA GRANDE/PB 3ª PARCELA             000009
1                   000902692011248461-14608                  0000000000000014608300000000002               0114608     30071500000005000000000000012N240315000000000000000000000000000000000000000000000000000000000000000100002934952460GABRIEL DANTAS VILAR                    R SANDRA VASCONCELOS PEREIRA DE MELO, 44            58411005TAXA DE FRANQUIA - CAMPINA GRANDE/PB 4ª PARCELA             000010
1                   000902692011248461-14609                  0000000000000014609100000000002               0114609     30081500000005000000000000012N240315000000000000000000000000000000000000000000000000000000000000000100002934952460GABRIEL DANTAS VILAR                    R SANDRA VASCONCELOS PEREIRA DE MELO, 44            58411005TAXA DE FRANQUIA - CAMPINA GRANDE/PB 5ª PARCELA             000011
1                   000902692011248461-14610                  0000000000000014610500000000002               0114610     30091500000005000000000000012N240315000000000000000000000000000000000000000000000000000000000000000100002934952460GABRIEL DANTAS VILAR                    R SANDRA VASCONCELOS PEREIRA DE MELO, 44            58411005TAXA DE FRANQUIA - CAMPINA GRANDE/PB 6ª PARCELA             000012
1                   000902692011248461-14611                  0000000000000014611300000000002               0114611     30101500000005000000000000012N240315000000000000000000000000000000000000000000000000000000000000000100002934952460GABRIEL DANTAS VILAR                    R SANDRA VASCONCELOS PEREIRA DE MELO, 44            58411005TAXA DE FRANQUIA - CAMPINA GRANDE/PB 7ª PARCELA             000013
1                   000902692011248461-14612                  0000000000000014612100000000002               0114612     30111500000005000000000000012N240315000000000000000000000000000000000000000000000000000000000000000100002934952460GABRIEL DANTAS VILAR                    R SANDRA VASCONCELOS PEREIRA DE MELO, 44            58411005TAXA DE FRANQUIA - CAMPINA GRANDE/PB 8ª PARCELA             000014
1                   000902692011248461-14613                  0000000000000014613P00000000002               0114613     03041500000003658570000000012N240315120000000000012200000000000000000000000000000000000000000000000248539407000118BASF S/A                                AV. ÂNGELO DEMARCHI,123-PRÉDIO E35 1º AN            09844900                                                            000015
1                   000902692011248461-14614                  0000000000000014614800000000002               0114614     04041500000000150000000000012N250315120000000000000500000000000000000000000000000000000000000000000253283180000122Tesheiner Cavassani e Giacomazi AdvogadoRua João Adolfo,118-Conj. 405                       01050020                                                            000016
1                   000902692011248461-14615                  0000000000000014615600000000002               0114615     04041500000000123410000000012N250315000000000000000000000000000000000000000000000000000000000000000253283180000122Tesheiner Cavassani e Giacomazi AdvogadoRua João Adolfo, 118                                01050020Custas da ordem 348035/7                                    000017
1                   000902692011248461-14616                  0000000000000014616400000000002               0114616     04041500000000111440000000012N250315000000000000000000000000000000000000000000000000000000000000000253283180000122Tesheiner Cavassani e Giacomazi AdvogadoRua João Adolfo, 118                                01050020Custas da ordem 347888/11                                   000018
1                   000902692011248461-14617                  0000000000000014617200000000002               0114617     04041500000000089550000000012N250315000000000000000000000000000000000000000000000000000000000000000253283180000122Tesheiner Cavassani e Giacomazi AdvogadoRua João Adolfo, 118                                01050020Custas da ordem 347888/21                                   000019
1                   000902692011248461-14618                  0000000000000014618000000000002               0114618     04041500000000165930000000012N250315000000000000000000000000000000000000000000000000000000000000000253283180000122Tesheiner Cavassani e Giacomazi AdvogadoRua João Adolfo, 118                                01050020Custas da ordem 347888/28                                   000020
1                   000902692011248461-14619                  0000000000000014619900000000002               0114619     04041500000000150000000000012N250315120000000000000500000000000000000000000000000000000000000000000253283180000122Tesheiner Cavassani e Giacomazi AdvogadoRua João Adolfo,118-Conj. 405                       01050020                                                            000021
1                   000902692011248461-14620                  0000000000000014620200000000002               0114620     04041500000000150000000000012N250315120000000000000500000000000000000000000000000000000000000000000253283180000122Tesheiner Cavassani e Giacomazi AdvogadoRua João Adolfo,118-Conj. 405                       01050020                                                            000022
1                   000902692011248461-14621                  0000000000000014621000000000002               0114621     04041500000000150000000000012N250315120000000000000500000000000000000000000000000000000000000000000253283180000122Tesheiner Cavassani e Giacomazi AdvogadoRua João Adolfo,118-Conj. 405                       01050020                                                            000023
1                   000902692011248461-14622                  0000000000000014622900000000002               0114622     31031500000000826970000000012N260315120000000000002760000000000000000000000000000000000000000000000248539407000118BASF S/A                                AV. ÂNGELO DEMARCHI,123-PRÉDIO E35 1º AN            09844900                                                            000024
1                   000902692011248461-14623                  0000000000000014623700000000002               0114623     06041500000000180000000000012N270315120000000000000600000000000000000000000000000000000000000000000253283180000122Tesheiner Cavassani e Giacomazi AdvogadoRua João Adolfo,118-Conj. 405                       01050020                                                            000025
1                   000902692011248461-14624                  0000000000000014624500000000002               0114624     06041500000000150000000000012N270315120000000000000500000000000000000000000000000000000000000000000253283180000122Tesheiner Cavassani e Giacomazi AdvogadoRua João Adolfo,118-Conj. 405                       01050020                                                            000026
1                   000902692011248461-14625                  0000000000000014625300000000002               0114625     06041500000000086800000000012N270315000000000000000000000000000000000000000000000000000000000000000253283180000122Tesheiner Cavassani e Giacomazi AdvogadoRua João Adolfo, 118                                01050020Custas da ordem 341944/3                                    000027
1                   000902692011248461-14626                  0000000000000014626100000000002               0114626     06041500000000100000000000012N270315120000000000000330000000000000000000000000000000000000000000000200360305025441104 Caixa Econômica Federal             Rua Joaquim Floriano,446                            04534002                                                            000028
1                   000902692011248461-14627                  0000000000000014627P00000000002               0114627     06041500000000060000000000012N270315120000000000000200000000000000000000000000000000000000000000000100000684995824FLAVIO NAVARRO                          Rua São Serapião,1075                               03664000                                                            000029
1                   000902692011248461-14628                  0000000000000014628800000000002               0114628     06041500000000120000000000012N270315120000000000000400000000000000000000000000000000000000000000000205888414000112CREAÇÕES MX FASHION LIMITADA            Rua Aimorés - lado par,210                          01122010                                                            000030
1                   000902692011248461-14629                  0000000000000014629600000000002               0114629     06041500000000600000000000012N270315120000000000002000000000000000000000000000000000000000000000000262232889000190Banco Daycoval S/A                      Avenida Paulista ,1793-02º Andar                    01311200                                                            000031
1                   000902692011248461-14630                  0000000000000014630P00000000002               0114630     09041500000000050000000000012N300315120000000000000170000000000000000000000000000000000000000000000200360305267887104 Caixa Econômica Federal             Rua São Joaquim ,69-5º andar                        01508001                                                            000032
1                   000902692011248461-14631                  0000000000000014631800000000002               0114631     09041500000000090000000000012N300315120000000000000300000000000000000000000000000000000000000000000200360305267887104 Caixa Econômica Federal             Rua São Joaquim ,69-5º andar                        01508001                                                            000033
1                   000902692011248461-14632                  0000000000000014632600000000002               0114632     09041500000000060000000000012N300315120000000000000200000000000000000000000000000000000000000000000200360305025441104 Caixa Econômica Federal             Rua Joaquim Floriano,446                            04534002                                                            000034
1                   000902692011248461-14633                  0000000000000014633400000000002               0114633     09041500000000180000000000012N300315120000000000000600000000000000000000000000000000000000000000000253283180000122Tesheiner Cavassani e Giacomazi AdvogadoRua João Adolfo,118-Conj. 405                       01050020                                                            000035
1                   000902692011248461-14634                  0000000000000014634200000000002               0114634     09041500000000060000000000012N300315120000000000000200000000000000000000000000000000000000000000000100000684995824FLAVIO NAVARRO                          Rua São Serapião,1075                               03664000                                                            000036
1                   000902692011248461-14635                  0000000000000014635000000000002               0114635     10041500000030000000000000012N310315000000000000000000000000000000000000000000000000000000000000000100031303684772JOSÉ ANTÔNIO DE ALMEIDA                 Rua Alexandre de Gusmão, 22 AP. 401                 20520120TAXA DE FRANQUIA - COPACABANA/RJ                            000037
1                   000902692011248461-14636                  0000000000000014636900000000002               0114636     10041500000020000000000000012N310315000000000000000000000000000000000000000000000000000000000000000100031303684772JOSÉ ANTÔNIO DE ALMEIDA                 Rua Alexandre de Gusmão, 22 AP. 401                 20520120TAXA DE FRANQUIA - COPACABANA/RJ                            000038
1                   000902692011248461-14578                  0000000000000014578800000000002               0614578     25031500000000345560000000012N1303150000000000000000000000000000000000000000000000000000000000000002000000005070911 Banco do Brasil S.A.                  Rua Doutor César,  530                              02013002Referente as custas da ordem 345161/1                       000039
1                   000902692011248461-14598                  0000000000000014598200000000002               0614598     27031500000000200000000000012N200315120000000000010000000000000000000000000000000000000000000000000262232889000190Banco Daycoval S/A                      Avenida Paulista ,1793-02º Andar                    01311200                                                            000040
1                   000902692011248461-14599                  0000000000000014599000000000002               0614599     27031500000000200000000000012N200315120000000000010000000000000000000000000000000000000000000000000262232889000190Banco Daycoval S/A                      Avenida Paulista ,1793-02º Andar                    01311200                                                            000041
1                   000902692011248461-14583                  0000000000000014583400000000002               0614583     31031500000001576000000000012N180315120000000000010000000000000000000000000000000000000000000000000262232889000190Banco Daycoval S/A                      Avenida Paulista ,1793-02º Andar                    01311200                                                            000042
1                   000902692011248461-14550                  0000000000000014550800000000002               0614550     31031500000001049910000000012N040315120000000000010000000000000000000000000000000000000000000000000208347261000194TANGARÁ INVESTIMENTOS IMOBILIÁRIOS LTDA.Avenida Engenheiro Luiz Carlos Berrini -            04571010                                                            000043
9                                                                                                                                                                                                                                                                                                                                                                                                         000044