01REMESSA01COBRANCA       00000000000004130991SISTEMA DE CARTóRIO CERTIDõES 237BRADESCO       261213        MX0000688                                                                                                                                                                                                                                                                                     000001
1                   000902692011248461-8821                   0000000000000008821000000000002               018821      30121300000000270000000000012N201213120000000000000900000000000000000000000000000000000000000000000210377191000169ACM ASSESSORIA CONTABIL LTDA            Avenida Capitão Mário Toledo de Camargo,            09170150                                                            000002
1                   000902692011248461-8822                   0000000000000008822900000000002               018822      30121300000000188000000000012N201213120000000000000630000000000000000000000000000000000000000000000216587135000135SBA Torres Brasil, Limitada             Alameda Madeira,222-15º andar                       06454010                                                            000003
1                   000902692011248461-8823                   0000000000000008823700000000002               018823      30121300000000226000000000012N201213120000000000000750000000000000000000000000000000000000000000000200360305025441104 Caixa Econômica Federal             RUA: Joaquim Floriano, 446,446                      04534002                                                            000004
1                   000902692011248461-8824                   0000000000000008824500000000002               018824      20011400000000375000000000012N201213060500000000000000000000000000000000000000000000000000000000000216935668000160FLASH DOC INTERMEDIAÇÕES CARTORARIAS    Av. Caetano Barrela, 209                            06763460ACORDO ROYALTIES 1/2                                        000005
1                   000902692011248461-8825                   0000000000000008825300000000002               018825      20021400000000375000000000012N201213060500000000000000000000000000000000000000000000000000000000000216935668000160FLASH DOC INTERMEDIAÇÕES CARTORARIAS    Av. Caetano Barrela, 209                            06763460ACORDO ROYALTIES 2/2                                        000006
1                   000902692011248461-8826                   0000000000000008826100000000002               018826      13011400000003575000000000012N201213060500000000000000000000000000000000000000000000000000000000000216949930000126CIRENO FILHO INTERMEDIAÇÃO CARTORARIA   Rua Carlos Eduardo Nichele, 1382                    83833022ACORDO ROYALTIES PARCELA UNICA                              000007
1                   000902692011248461-8827                   0000000000000008827P00000000002               018827      30121300000000044280000000012N201213120000000000000150000000000000000000000000000000000000000000000210377191000169ACM ASSESSORIA CONTABIL LTDA            Avenida Capitão Mário Toledo de Camargo,            09170150                                                            000008
1                   000902692011248461-8828                   0000000000000008828800000000002               018828      15011400000040000000000000012N231213000000000000000000000000000000000000000000000000000000000000000100022848622415ANTONIO MARCUS TABOZA DA APRESENTAÇÃO   RUA. PEREIRA SIMÕES, 463 – APTO. 401                53030060Taxa de Franquia - Olinda/PE                                000009
1                   000902692011248461-8829                   0000000000000008829600000000002               018829      26121300000030000000000000012N231213000000000000000000000000000000000000000000000000000000000000000100029353700825JURACY LOPES                            RUA ANVAR DABUS, 2 - 50                             17017120Taxa de Franquia - BAURU/SP                                 000010
1                   000902692011248461-8830                   0000000000000008830P00000000002               018830      02011400000000280000000000012N231213120000000000000930000000000000000000000000000000000000000000000204886647000113ALBERTO KIM TECIDOS - EPP               Rua Almirante Barroso ,204                          03025000                                                            000011
1                   000902692011248461-8506                   0000000000000008506800000000002               028506      25111300000030000000000000012N181113000000000000000000000000000000000000000000000000000000000000000100004818479446Valsandy Cavalcanti Veras               R. Pres. Tacredo de Almeida Neves, 1192             57312700Taxa de Franquia -  Arapiraca/AL                            000012
1                   000902692011248461-8507                   0000000000000008507600000000002               028507      25121300000030000000000000012N181113000000000000000000000000000000000000000000000000000000000000000100004818479446Valsandy Cavalcanti Veras               R. Pres. Tacredo de Almeida Neves, 1192             57312700Taxa de Franquia -  Arapiraca/AL  2ª Parc.                  000013
9                                                                                                                                                                                                                                                                                                                                                                                                         000014