01REMESSA01COBRANCA       00000000000004130991SISTEMA DE CARTóRIO CERTIDõES 237BRADESCO       260213        MX0000633                                                                                                                                                                                                                                                                                     000001
1                   000902692011248461-6191                   0000000000000006191600000000002               016191      05031300000020000000000000012N220213000000000000000000000000000000000000000000000000000000000000000100079291074853ADALBERTO ROCHA THOBIAS                 Rua Jacinto Guiraldelli, 972                        17280000                                                            000002
1                   000902692011248461-6192                   0000000000000006192400000000002               016192      25021300000045000000000000012N220213000000000000000000000000000000000000000000000000000000000000000100091309441553ANDERSON RANGEL DOS SANTOS BEZERRA      AV.CARDEAL DA SILVA, 26  CASA 412                   40231250                                                            000003
1                   000902692011248461-6193                   0000000000000006193200000000002               016193      27031300000045000000000000012N220213000000000000000000000000000000000000000000000000000000000000000100091309441553ANDERSON RANGEL DOS SANTOS BEZERRA      AV.CARDEAL DA SILVA, 26 / CASA 412                  40231250                                                            000004
1                   000902692011248461-6194                   0000000000000006194000000000002               016194      07031300000000160000000000012N250213120000000000000530000000000000000000000000000000000000000000000203513451000110NERONE DO BRASIL CIA. Securitizadora de Avenida Paulista,726-Sala 1410 - 14º and            01310100                                                            000005
1                   000902692011248461-6195                   0000000000000006195900000000002               016195      07031300000001124670000000012N250213120000000000003750000000000000000000000000000000000000000000000200360305413964104 Caixa Econômica Federal             Avenida das Nações Unidas ,22540                    04795000                                                            000006
1                   000902692011248461-6196                   0000000000000006196700000000002               016196      07031300000000040250000000012N250213120000000000000130000000000000000000000000000000000000000000000210377191000169ACM ASSESSORIA CONTABIL LTDA            Avenida Capitão Mário Toledo de Camargo,            09170150                                                            000007
1                   000902692011248461-6197                   0000000000000006197500000000002               016197      08031300000000195000000000012N260213120000000000000650000000000000000000000000000000000000000000000200360305267887104 Caixa Econômica Federal             Rua São Joaquim ,69-5º andar                        01508000                                                            000008
1                   000902692011248461-6198                   0000000000000006198300000000002               016198      08031300000000195000000000012N260213120000000000000650000000000000000000000000000000000000000000000200360305267887104 Caixa Econômica Federal             Rua São Joaquim - lado par,69-5º andar              01508000                                                            000009
1                   000902692011248461-6165                   0000000000000006165700000000002               026165      28021300000000500000000000012N180213000000000000000000000000000000000000000000000000000000000000000216865569000150Barroca &Biral Intermediação Cartóraria Av. Vereador José Diniz, 391                        00460300                                                            000010
1                   000902692011248461-6166                   0000000000000006166500000000002               026166      28031300000000500000000000012N180213000000000000000000000000000000000000000000000000000000000000000216865569000150Barroca &Biral Intermediação Cartóraria   Av. Vereador José Diniz, 391                      00460300                                                            000011
1                   000902692011248461-6149                   0000000000000006149500000000002               066149      07031300000001324950000000012N0702131200000000000100000000000000000000000000000000000000000000000002000000005070911 Banco do Brasil S.A.                  Rua Doutor César,530-11º andar                      02013002                                                            000012
1                   000902692011248461-5920                   0000000000000005920200000000002               025920      12021300000000150000000000012N280113000000000000000000000000000000000000000000000000000000000000000100094261415534Paulo Chaves                            Rua Doutor Veiga Filho, 61  APTO 52     PEDIDO 748  01229000ATÉ  DIA 12/02/2013 CONCEDER O DESCONTO DE 60,00            000013
1                   000902692011248461-5841                   0000000000000005841900000000002               025841      11021300000000150000000000012N170113000000000000000000000000000000000000000000000000000000000000000100002631196104Nadya Paiva de Souza                    Rua Caldas Barbosa,35 Fundos, casa 04 -             20740170ATE 11/02/2013 DESCONTO DE R$60,00                          000014
1                   000902692011248461-5947                   0000000000000005947400000000002               025947      04021300000001400000000000012N310113000000000000000000000000000000000000000000000000000000000000000100001774534193GABRIEL SANTIAGO MARTINS                Rua Goiania,1.041                                   75901020                                                            000015
9                                                                                                                                                                                                                                                                                                                                                                                                         000016