01REMESSA01COBRANCA       00000000000004130991SISTEMA DE CARTóRIO CERTIDõES 237BRADESCO       260413        MX0000643                                                                                                                                                                                                                                                                                     000001
1                   000902692011248461-6726                   0000000000000006726400000000002               016726      06051300000000415780000000012N260413120000000000001390000000000000000000000000000000000000000000000253283180000122Tesheiner Cavassani e Giacomazi AdvogadoRua João Adolfo,118-8º andar   sala 801             01050020                                                            000002
1                   000902692011248461-6727                   0000000000000006727200000000002               016727      06051300000000200000000000012N260413120000000000000670000000000000000000000000000000000000000000000200360305025441CAIXA ECONOMICA FEDERAL                 Rua Joaquim Floriano - de 0372 a 0690 -             04534002                                                            000003
1                   000902692011248461-6728                   0000000000000006728000000000002               016728      06051300000000270000000000012N260413120000000000000900000000000000000000000000000000000000000000000200360305024550104 Caixa Econômica Federal             Avenida Doutor Gastão Vidigal,1437                  05314000                                                            000004
1                   000902692011248461-6729                   0000000000000006729900000000002               016729      06051300000000245000000000012N260413120000000000000820000000000000000000000000000000000000000000000200360305024550104 Caixa Econômica Federal             Avenida Doutor Gastão Vidigal,1437                  05314000                                                            000005
1                   000902692011248461-6720                   0000000000000006720500000000002               066720      30041300000020000000000000012N240413000000000000000000000000000000000000000000000000000000000000000100048088650259Aline Claudia Rodrigues Vinueza         Rua Parana , 516  - Extensao do Bosque              00288900Macaé (com Carapebus e Quissamã) e Rio das Ostras (com Casem000006
1                   000902692011248461-6720                   0000000000000006720500000000002               066720      02051300000020000000000000012N240413000000000000000000000000000000000000000000000000000000000000000100048088650259Aline Claudia Rodrigues Vinueza         Rua Parana , 516  - Extensao do Bosque              00288900Macaé (com Carapebus e Quissamã) e Rio das Ostras (com Casem000007
9                                                                                                                                                                                                                                                                                                                                                                                                         000008