01REMESSA01COBRANCA       00000000000004130991SISTEMA DE CARTóRIO CERTIDõES 237BRADESCO       270313        MX0000637                                                                                                                                                                                                                                                                                     000001
1                   000902692011248461-6440                   0000000000000006440000000000002               016440      01041300000000160000000000012N250313000000000000000000000000000000000000000000000000000000000000000100076762238815RITA RABELO DE BRITO                    Rua Almirante Brasil  512               Seu Pet 100303162010                                                            000002
1                   000902692011248461-6441                   0000000000000006441900000000002               016441      05041300000003600000000000012N250313000000000000000000000000000000000000000000000000000000000000000211163439000151RF – Serviços de Documentação Ltda.     Av. Castelo Branco, 173 A                           65076090                                                            000003
1                   000902692011248461-6442                   0000000000000006442700000000002               016442      04041300000000297000000000012N250313120000000000000990000000000000000000000000000000000000000000000203513451000110NERONE DO BRASIL CIA. Securitizadora de Avenida Paulista,726-Sala 1410 - 14º and            01310100                                                            000004
1                   000902692011248461-6443                   0000000000000006443500000000002               016443      04041300000000195000000000012N250313120000000000000650000000000000000000000000000000000000000000000200360305267887104 Caixa Econômica Federal             Rua São Joaquim,69-5º andar                         01508000                                                            000005
1                   000902692011248461-6444                   0000000000000006444300000000002               016444      04041300000000180000000000012N250313120000000000000600000000000000000000000000000000000000000000000253283180000122Tesheiner Cavassani e Giacomazi AdvogadoRua João Adolfo,118-8º andar   sala 801             01050020                                                            000006
1                   000902692011248461-6445                   0000000000000006445100000000002               016445      04041300000000223000000000012N250313120000000000000740000000000000000000000000000000000000000000000262232889000190Banco Daycoval S/A                      Avenida Paulista ,1793-02º Andar                    01311200                                                            000007
1                   000902692011248461-6446                   0000000000000006446P00000000002               016446      05041300000000028600000000012N260313000000000000000000000000000000000000000000000000000000000000000253283180000122Tesheiner Cavassani e Giazomazi AdvogadoRua João Adolfo, 118 8º andar , sala 801            01050020                                                            000008
1                   000902692011248461-6447                   0000000000000006447800000000002               016447      05041300000000088560000000012N260313120000000000000300000000000000000000000000000000000000000000000210377191000169ACM ASSESSORIA CONTABIL LTDA            Avenida Capitão Mário Toledo de Camargo,            09170150                                                            000009
1                   000902692011248461-6448                   0000000000000006448600000000002               016448      05041300000000180000000000012N260313120000000000000600000000000000000000000000000000000000000000000100017683448842LUIS MARTINS NETTO                      Rua Júlio Ribeiro,243-LOJA 224                      03010030                                                            000010
1                   000902692011248461-6449                   0000000000000006449400000000002               016449      06041300000000360000000000012N270313120000000000001200000000000000000000000000000000000000000000000200360305267887104 Caixa Econômica Federal             Rua São Joaquim,69-5º andar                         01508000                                                            000011
1                   000902692011248461-6450                   0000000000000006450800000000002               016450      06041300000000226000000000012N270313120000000000000750000000000000000000000000000000000000000000000200360305025441104 Caixa Econômica Federal             RUA: Joaquim Floriano, 446,446                      04534002                                                            000012
1                   000902692011248461-6451                   0000000000000006451600000000002               016451      06041300000000226000000000012N270313120000000000000750000000000000000000000000000000000000000000000200360305025441104 Caixa Econômica Federal             RUA: Joaquim Floriano, 446,446                      04534002                                                            000013
1                   000902692011248461-6452                   0000000000000006452400000000002               016452      06041300000000226000000000012N270313120000000000000750000000000000000000000000000000000000000000000200360305296046104 Caixa Econômica Federal             Avenida Presidente Kennedy ,83                      09913000                                                            000014
1                   000902692011248461-6453                   0000000000000006453200000000002               016453      06041300000000704000000000012N270313120000000000002350000000000000000000000000000000000000000000000262232889000190Banco Daycoval S/A                      Avenida Paulista ,1793-02º Andar                    01311200                                                            000015
1                   000902692011248461-6454                   0000000000000006454000000000002               016454      01041300000010000000000000012N270313000000000000000000000000000000000000000000000000000000000000000100028573317892Silvana Carla de Oliveira Miranda       . Rua Liscano Coelho Blanco, 419, 410               15400000                                                            000016
1                   000902692011248461-6455                   0000000000000006455900000000002               016455      28031300000010000000000000012N270313000000000000000000000000000000000000000000000000000000000000000100028573317892Silvana Carla de Oliveira Miranda       . Rua Liscano Coelho Blanco, 419, 410               15400000                                                            000017
1                   000902692011248461-6456                   0000000000000006456700000000002               016456      06041300000000479710000000012N270313120000000000001600000000000000000000000000000000000000000000000253283180000122Tesheiner Cavassani e Giacomazi AdvogadoRua João Adolfo,118-8º andar   sala 801             01050020                                                            000018
1                   000902692011248461-6457                   0000000000000006457500000000002               016457      06041300000000386060000000012N270313120000000000001290000000000000000000000000000000000000000000000253283180000122Tesheiner Cavassani e Giacomazi AdvogadoRua João Adolfo,118-8º andar   sala 801             01050020                                                            000019
1                   000902692011248461-6458                   0000000000000006458300000000002               016458      06041300000000180000000000012N270313120000000000000600000000000000000000000000000000000000000000000253283180000122Tesheiner Cavassani e Giacomazi AdvogadoRua João Adolfo,118-8º andar   sala 801             01050020                                                            000020
1                   000902692011248461-6459                   0000000000000006459100000000002               016459      06041300000000325000000000012N270313120000000000001080000000000000000000000000000000000000000000000253283180000122Tesheiner Cavassani e Giacomazi AdvogadoRua João Adolfo,118-8º andar   sala 801             01050020                                                            000021
9                                                                                                                                                                                                                                                                                                                                                                                                         000022