01REMESSA01COBRANCA       00000000000004130991SISTEMA DE CARTÛRIO CERTIDıES 237BRADESCO       270613        MX0000654                                                                                                                                                                                                                                                                                     000001
1                   000902692011248461-7230                   0000000000000007230600000000002               017230      25071300000005000000000000012N260613000000000000000000000000000000000000000000000000000000000000000100003324673844Neide  Viaro  Casellato                 RUA ACURUÕ 26 AP 73                                 03355000ITANHAHEM                                                   000002
1                   000902692011248461-7231                   0000000000000007231400000000002               017231      25081300000005000000000000012N260613000000000000000000000000000000000000000000000000000000000000000100003324673844Neide  Viaro  Casellato                 RUA ACURUÕ 26 AP 73                                 03355000ITANHAHEM                                                   000003
1                   000902692011248461-7232                   0000000000000007232200000000002               017232      25091300000005000000000000012N260613000000000000000000000000000000000000000000000000000000000000000100003324673844Neide  Viaro  Casellato                 RUA ACURUÕ 26 AP73                                  03355000ITANHAHEM                                                   000004
1                   000902692011248461-7233                   0000000000000007233000000000002               017233      06071300000000270000000000012N260613120000000000000900000000000000000000000000000000000000000000000210377191000169ACM ASSESSORIA CONTABIL LTDA            Avenida Capit„o M·rio Toledo de Camargo,            09170150                                                            000005
1                   000902692011248461-7234                   0000000000000007234900000000002               017234      06071300000000180000000000012N260613120000000000000600000000000000000000000000000000000000000000000253283180000122Tesheiner Cavassani e Giacomazi AdvogadoRua Jo„o Adolfo,118-8∫ andar   sala 801             01050020                                                            000006
1                   000902692011248461-7235                   0000000000000007235700000000002               017235      05071300000010000000000000012N270613000000000000000000000000000000000000000000000000000000000000000100002516275005MARIA CAROLINE NEMET KURTZ              Rua Coronel Chicuta, 827                            99010052                                                            000007
1                   000902692011248461-7236                   0000000000000007236500000000002               017236      22071300000035000000000000012N270613000000000000000000000000000000000000000000000000000000000000000100002516275005MARIA CAROLINE NEMET KURTZ              Rua Coronel Chicuta, 827                            99010052                                                            000008
1                   000902692011248461-7227                   0000000000000007227600000000002               027227      01071300000025000000000000012N250613000000000000000000000000000000000000000000000000000000000000000100021290554862S…RGIO BENEDETTO                        RUA PEDROSO ALVARENGA, 793 ñ 5.∫ ANDAR              04531011FRANQUIA ñ S√O PAULO ñ VILA OLIMPIA                         000009
1                   000902692011248461-7228                   0000000000000007228400000000002               027228      01081300000025000000000000012N250613000000000000000000000000000000000000000000000000000000000000000100021290554862S…RGIO BENEDETTO                        RUA PEDROSO ALVARENGA, 793 ñ 5.∫ ANDAR              04531011FRANQUIA ñ S√O PAULO ñ VILA OLIMPIA                         000010
9                                                                                                                                                                                                                                                                                                                                                                                                         000011