01REMESSA01COBRANCA       00000000000004130991SISTEMA DE CARTÛRIO CERTIDıES 237BRADESCO       270913        MX0000673                                                                                                                                                                                                                                                                                     000001
1                   000902692011248461-7994                   0000000000000007994700000000002               017994      06101300000001270650000000012N260913120000000000004240000000000000000000000000000000000000000000000262232889000190Banco Daycoval S/A                      Avenida Paulista ,1793-02∫ Andar                    01311200                                                            000002
1                   000902692011248461-7995                   0000000000000007995500000000002               017995      06101300000000176000000000012N260913120000000000000590000000000000000000000000000000000000000000000262232889000190Banco Daycoval S/A                      Avenida Paulista ,1793-02∫ Andar                    01311200                                                            000003
1                   000902692011248461-7996                   0000000000000007996300000000002               017996      30091300000000050600000000012N260913120000000000000170000000000000000000000000000000000000000000000217184037010506389 Banco Mercantil do Brasil S.A.      Avenida Paulista ,923                               01311100                                                            000004
1                   000902692011248461-7997                   0000000000000007997100000000002               017997      30091300000000528000000000012N260913120000000000001760000000000000000000000000000000000000000000000217184037010506389 Banco Mercantil do Brasil S.A.      Avenida Paulista ,923                               01311100                                                            000005
1                   000902692011248461-7998                   0000000000000007998P00000000002               017998      30091300000000050600000000012N260913120000000000000170000000000000000000000000000000000000000000000217184037010506389 Banco Mercantil do Brasil S.A.      Avenida Paulista ,923                               01311100                                                            000006
1                   000902692011248461-7999                   0000000000000007999800000000002               017999      30091300000000050600000000012N260913120000000000000170000000000000000000000000000000000000000000000217184037010506389 Banco Mercantil do Brasil S.A.      Avenida Paulista ,923                               01311100                                                            000007
1                   000902692011248461-8000                   0000000000000008000700000000002               018000      30091300000000151800000000012N260913120000000000000510000000000000000000000000000000000000000000000217184037010506389 Banco Mercantil do Brasil S.A.      Avenida Paulista ,923                               01311100                                                            000008
9                                                                                                                                                                                                                                                                                                                                                                                                         000009