01REMESSA01COBRANCA       00000000000004130991SISTEMA DE CARTóRIO CERTIDõES 237BRADESCO       281113        MX0000684                                                                                                                                                                                                                                                                                     000001
1                   000902692011248461-8510                   0000000000000008510600000000002               018510      25111300000005000000000000012N191113000000000000000000000000000000000000000000000000000000000000000100091410487687FLÁVIA BISINOTO FONSECA                 AV. 21, 1029                                        38300120TAXA DE FRANQUIA ITUIUTABA/MG                               000002
1                   000902692011248461-8511                   0000000000000008511400000000002               018511      03121300000001400000000000012N221113000000000000000000000000000000000000000000000000000000000000000100037296078715Paulo Jorge Roza Casanova               Rua Barão de Loreto, 340 apto 501       71-2137-042840150270Taxa de Franquia - Seu Pet Com Sobrenome - Salvador LJ04/BA 000003
1                   000902692011248461-8512                   0000000000000008512200000000002               018512      02121300000001871910000000012N221113120000000000006240000000000000000000000000000000000000000000000205888414000112Creações MX Fashion LTDA                Rua Aimorés - lado par,210                          01122010                                                            000004
1                   000902692011248461-8513                   0000000000000008513000000000002               018513      30111300000000180400000000012N221113120000000000000600000000000000000000000000000000000000000000000217184037010506389 Banco Mercantil do Brasil S.A.      Avenida Paulista ,923                               01311100                                                            000005
1                   000902692011248461-8514                   0000000000000008514900000000002               018514      30111300000000176000000000012N221113120000000000000590000000000000000000000000000000000000000000000217184037010506389 Banco Mercantil do Brasil S.A.      Avenida Paulista ,923                               01311100                                                            000006
1                   000902692011248461-8515                   0000000000000008515700000000002               018515      30111300000000169400000000012N221113120000000000000560000000000000000000000000000000000000000000000217184037010506389 Banco Mercantil do Brasil S.A.      Avenida Paulista ,923                               01311100                                                            000007
1                   000902692011248461-8516                   0000000000000008516500000000002               018516      30111300000000100000000000012N221113120000000000000330000000000000000000000000000000000000000000000217184037010506389 Banco Mercantil do Brasil S.A.      Avenida Paulista ,923                               01311100                                                            000008
1                   000902692011248461-8517                   0000000000000008517300000000002               018517      02121300000000100000000000012N221113120000000000000330000000000000000000000000000000000000000000000217184037010506389 Banco Mercantil do Brasil S.A.      Avenida Paulista ,923                               01311100                                                            000009
1                   000902692011248461-8518                   0000000000000008518100000000002               018518      02121300000001021100000000012N221113120000000000003400000000000000000000000000000000000000000000000208472787000104LC 15 COMERCIO E CONFECÇÕES LTDA - ME   Rua Conselheiro Belisário,,38                       03517000                                                            000010
1                   000902692011248461-8519                   0000000000000008519P00000000002               018519      02121300000003132300000000012N221113120000000000010440000000000000000000000000000000000000000000000216587135000135SBA Torres Brasil, Limitada             Alameda Madeira,222-15º andar                       06454010                                                            000011
1                   000902692011248461-8520                   0000000000000008520300000000002               018520      05121300000000080000000000012N251113120000000000000270000000000000000000000000000000000000000000000200360305025441104 Caixa Econômica Federal             Rua Joaquim Floriano,,446                           04534002                                                            000012
1                   000902692011248461-8521                   0000000000000008521100000000002               018521      05121300000000235000000000012N251113120000000000000780000000000000000000000000000000000000000000000262232889000190Banco Daycoval S/A                      Avenida Paulista ,1793-02º Andar                    01311200                                                            000013
1                   000902692011248461-8522                   0000000000000008522P00000000002               018522      06121300000000088560000000012N261113120000000000000300000000000000000000000000000000000000000000000210377191000169ACM ASSESSORIA CONTABIL LTDA            Avenida Capitão Mário Toledo de Camargo,            09170150                                                            000014
1                   000902692011248461-8523                   0000000000000008523800000000002               018523      10121300000030000000000000012N261113000000000000000000000000000000000000000000000000000000000000000100000429160038Ana Mélia Jorge da Silva                Rua Elma Lenzi, 275 – apto 404 A        047-8859485889160000Taxa de Franquia -  Rio do Sul/SC                           000015
1                   000902692011248461-8524                   0000000000000008524600000000002               018524      06121300000000242000000000012N261113120000000000000810000000000000000000000000000000000000000000000262232889000190Banco Daycoval S/A                      Avenida Paulista ,1793-02º Andar                    01311200                                                            000016
1                   000902692011248461-8525                   0000000000000008525400000000002               018525      06121300000000376000000000012N261113120000000000001250000000000000000000000000000000000000000000000216587135000135SBA Torres Brasil, Limitada             Alameda Madeira,222-15º andar                       06454010                                                            000017
1                   000902692011248461-8526                   0000000000000008526200000000002               018526      07121300000000529250000000012N2711131200000000000017600000000000000000000000000000000000000000000002000000005070911 Banco do Brasil S.A.                  Rua Doutor César,530-11º andar                      02013002                                                            000018
1                   000902692011248461-8527                   0000000000000008527000000000002               018527      12121300000025000000000000012N271113000000000000000000000000000000000000000000000000000000000000000100014700424877Celina Régia Almeida dos Santos Bezerra Rua Inácio Bernardes, 239                           08280580Taxa de Franquia -  Vila Formosa/SP                         000019
1                   000902692011248461-8528                   0000000000000008528900000000002               018528      07121300000000740720000000012N271113120000000000002470000000000000000000000000000000000000000000000216587135000135SBA Torres Brasil, Limitada             Alameda Madeira,222-15º andar                       06454010                                                            000020
1                   000902692011248461-8529                   0000000000000008529700000000002               018529      07121300000001103000000000012N271113120000000000003680000000000000000000000000000000000000000000000262232889000190Banco Daycoval S/A                      Avenida Paulista ,1793-02º Andar                    01311200                                                            000021
1                   000902692011248461-8530                   0000000000000008530000000000002               018530      08121300000000610000000000012N281113120000000000002030000000000000000000000000000000000000000000000216587135000135SBA Torres Brasil, Limitada             Alameda Madeira,222-15º andar                       06454010                                                            000022
1                   000902692011248461-8531                   0000000000000008531900000000002               018531      08121300000001032380000000012N281113120000000000003440000000000000000000000000000000000000000000000200360305267887104 Caixa Econômica Federal             Rua São Joaquim,,69-5º andar                        01508000                                                            000023
1                   000902692011248461-8532                   0000000000000008532700000000002               018532      05121300000030000000000000012N281113000000000000000000000000000000000000000000000000000000000000000100019594186615Eliane Oliveira Martins da Costa        Av. Brasil, 346                                     35900367Taxa de Franquia -  Itabira/MG 1ª Parc.                     000024
1                   000902692011248461-8533                   0000000000000008533500000000002               018533      05031400000030000000000000012N281113000000000000000000000000000000000000000000000000000000000000000100019594186615Eliane Oliveira Martins da Costa        Av. Brasil, 346                                     35900367Taxa de Franquia -  Itabira/MG 2ª Parc                      000025
1                   000902692011248461-7719                   0000000000000007719700000000002               067719      30111300000000560000000000012N290813120000000000010000000000000000000000000000000000000000000000000212721508000168IBRAHIM EL TURK PLANEJADOS              Avenida Águia de Haia - até 3301/3302,13            03694000                                                            000026
1                   000902692011248461-7923                   0000000000000007923800000000002               067923      30111300000000060000000000012N050913120000000000010000000000000000000000000000000000000000000000000212721508000168IBRAHIM EL TURK PLANEJADOS              Avenida Águia de Haia - até 3301/3302,13            03694000                                                            000027
1                   000902692011248461-7945                   0000000000000007945900000000002               067945      30111300000000120000000000012N120913120000000000010000000000000000000000000000000000000000000000000212721508000168IBRAHIM EL TURK PLANEJADOS              Avenida Águia de Haia - até 3301/3302,13            03694000                                                            000028
1                   000902692011248461-7928                   0000000000000007928900000000002               067928      30111300000000420000000000012N050913120000000000010000000000000000000000000000000000000000000000000212721508000168IBRAHIM EL TURK PLANEJADOS              Avenida Águia de Haia - até 3301/3302,13            03694000                                                            000029
1                   000902692011248461-7947                   0000000000000007947500000000002               067947      30111300000000060000000000012N120913120000000000010000000000000000000000000000000000000000000000000212721508000168IBRAHIM EL TURK PLANEJADOS              Avenida Águia de Haia - até 3301/3302,13            03694000                                                            000030
1                   000902692011248461-7720                   0000000000000007720000000000002               067720      30111300000000120000000000012N290813120000000000010000000000000000000000000000000000000000000000000212721508000168IBRAHIM EL TURK PLANEJADOS              Avenida Águia de Haia - até 3301/3302,13            03694000                                                            000031
1                   000902692011248461-7716                   0000000000000007716200000000002               067716      30111300000000480000000000012N290813120000000000010000000000000000000000000000000000000000000000000212721508000168IBRAHIM EL TURK PLANEJADOS              Avenida Águia de Haia ,1359                         03694000                                                            000032
1                   000902692011248461-7721                   0000000000000007721900000000002               067721      30111300000000080000000000012N290813120000000000010000000000000000000000000000000000000000000000000212721508000168IBRAHIM EL TURK PLANEJADOS              Avenida Águia de Haia ,1359                         03694000                                                            000033
1                   000902692011248461-7973                   0000000000000007973400000000002               067973      30111300000000120000000000012N180913120000000000010000000000000000000000000000000000000000000000000212721508000168IBRAHIM EL TURK PLANEJADOS              Avenida Águia de Haia - até 3301/3302,13            03694000                                                            000034
1                   000902692011248461-8444                   0000000000000008444400000000002               068444      09121300000000058800000000012N051113120000000000000000000000000000000000000000000000000000000000000100008347261000Tangará Investimentos LTDA              Avenida Paulista,1374-13º e 14º andar               01310100                                                            000035
1                   000902692011248461-8439                   0000000000000008439800000000002               068439      28111300000000205000000000012N041113120000000000010000000000000000000000000000000000000000000000000296291372000193Zênite Assessoria e Consultoria Ltda    Alameda Santos ,1827-18º andar cj. 182              01419909                                                            000036
1                   000902692011248461-8483                   0000000000000008483500000000002               068483      28111300000000480000000000012N061113120000000000010000000000000000000000000000000000000000000000000296291372000193Zênite Assessoria e Consultoria Ltda    Alameda Santos ,1827-18º andar cj. 182              01419909                                                            000037
1                   000902692011248461-8442                   0000000000000008442800000000002               068442      30111300000000442110000000012N041113120000000000010000000000000000000000000000000000000000000000000217184037010506389 Banco Mercantil do Brasil S.A.      Avenida Paulista ,923                               01311100                                                            000038
1                   000902692011248461-7706                   0000000000000007706500000000002               067706      30111300000000048000000000012N260813120000000000010000000000000000000000000000000000000000000000000217184037019724389 Banco Mercantil do Brasil S.A.      Rua Capitão Gabriel,235                             07011010                                                            000039
1                   000902692011248461-8247                   0000000000000008247600000000002               068247      30111300000000101200000000012N281013120000000000010000000000000000000000000000000000000000000000000217184037010506389 Banco Mercantil do Brasil S.A.      Avenida Paulista ,923                               01311100                                                            000040
1                   000902692011248461-8500                   0000000000000008500900000000002               068500      30111300000000452000000000012N121113120000000000010000000000000000000000000000000000000000000000000217184037010506389 Banco Mercantil do Brasil S.A.      Avenida Paulista ,923                               01311100                                                            000041
9                                                                                                                                                                                                                                                                                                                                                                                                         000042