01REMESSA01COBRANCA       00000000000004130991SISTEMA DE CARTóRIO CERTIDõES 237BRADESCO       280813        MX0000666                                                                                                                                                                                                                                                                                     000001
1                   000902692011248461-7691                   0000000000000007691300000000002               017691      30081300000000226600000000012N200813120000000000000760000000000000000000000000000000000000000000000200360305025441104 Caixa Econômica Federal             RUA: Joaquim Floriano, 446,446                      04534002                                                            000002
1                   000902692011248461-7692                   0000000000000007692100000000002               017692      30081300000000226600000000012N200813120000000000000760000000000000000000000000000000000000000000000200360305025441104 Caixa Econômica Federal             RUA: Joaquim Floriano, 446,446                      04534002                                                            000003
1                   000902692011248461-7693                   0000000000000007693P00000000002               017693      31081300000000044280000000012N210813120000000000000150000000000000000000000000000000000000000000000203301938000130SPLENDIDO ALIMENTACAO E SERVICOS LTDA   Rua do Orfanato,760-Sala 113 // 11º anda            03131010                                                            000004
1                   000902692011248461-7694                   0000000000000007694800000000002               017694      31081300000000176000000000012N210813120000000000000590000000000000000000000000000000000000000000000262232889000190Banco Daycoval S/A                      Avenida Paulista ,1793-02º Andar                    01311200                                                            000005
1                   000902692011248461-7695                   0000000000000007695600000000002               017695      31081300000000529240000000012N210813120000000000001760000000000000000000000000000000000000000000000200000000000191BANCO DO BRASIL S.A.                    Rua Doutor César ,530-11° ANDAR                     02013002                                                            000006
1                   000902692011248461-7696                   0000000000000007696400000000002               017696      31081300000000529240000000012N210813120000000000001760000000000000000000000000000000000000000000000200000000000191BANCO DO BRASIL S.A.                    Rua Doutor César - de 0449/450 a 799/080            02013002                                                            000007
1                   000902692011248461-7697                   0000000000000007697200000000002               017697      31081300000001417950000000012N210813120000000000004730000000000000000000000000000000000000000000000201701201026811399 HSBC Bank Brasil S.A. - Banco MultipRua Guilherme Asbahr Neto,,52                       04646000                                                            000008
1                   000902692011248461-7698                   0000000000000007698000000000002               017698      02091300000000352000000000012N230813120000000000001170000000000000000000000000000000000000000000000201701201000189HSBC BANK BRASIL S/A. (CSU - PROCESSOS JTen. Francisco Ferreira de Souza,,766               01045001                                                            000009
1                   000902692011248461-7699                   0000000000000007699900000000002               017699      02091300000000226600000000012N230813120000000000000760000000000000000000000000000000000000000000000200360305413530104 Caixa Econômica Federal             Avenida Guarapiranga,291A                           04762000                                                            000010
1                   000902692011248461-7700                   0000000000000007700600000000002               017700      05091300000000120000000000012N260813120000000000000400000000000000000000000000000000000000000000000253283180000122Tesheiner Cavassani e Giacomazi AdvogadoRua João Adolfo,118-Conj. 405                       01050020                                                            000011
1                   000902692011248461-7701                   0000000000000007701400000000002               017701      05091300000000226600000000012N260813120000000000000760000000000000000000000000000000000000000000000200360305267887104 Caixa Econômica Federal             Rua São Joaquim,69-5º andar                         01508000                                                            000012
1                   000902692011248461-7702                   0000000000000007702200000000002               017702      05091300000000660940000000012N260813120000000000002200000000000000000000000000000000000000000000000262232889000190Banco Daycoval S/A                      Avenida Paulista ,1793-02º Andar                    01311200                                                            000013
1                   000902692011248461-7703                   0000000000000007703000000000002               017703      05091300000000135000000000012N260813120000000000000450000000000000000000000000000000000000000000000210377191000169ACM ASSESSORIA CONTABIL LTDA            Avenida Capitão Mário Toledo de Camargo,            09170150                                                            000014
1                   000902692011248461-7704                   0000000000000007704900000000002               017704      05091300000000584750000000012N260813120000000000001950000000000000000000000000000000000000000000000201527104000111ERNESTO BORGES ADVOGADOS S/S            Rua XV de Novembro,,2029                            79020300                                                            000015
1                   000902692011248461-7705                   0000000000000007705700000000002               017705      05091300000000180000000000012N260813120000000000000600000000000000000000000000000000000000000000000100001179670841BARTHOLOMEU CRUZ CHEVECHENCO            Rua Grauçá,108                                      05626020                                                            000016
1                   000902692011248461-7706                   0000000000000007706500000000002               017706      05091300000000048000000000012N260813120000000000000160000000000000000000000000000000000000000000000217184037019724389 Banco Mercantil do Brasil S.A.      Rua Capitão Gabriel,235                             07011010                                                            000017
1                   000902692011248461-7707                   0000000000000007707300000000002               017707      05091300000002255650000000012N260813120000000000007520000000000000000000000000000000000000000000000217184037010506389 Banco Mercantil do Brasil S.A.      Avenida Paulista ,923                               01311100                                                            000018
1                   000902692011248461-7708                   0000000000000007708100000000002               017708      05091300000000756480000000012N260813120000000000002520000000000000000000000000000000000000000000000217184037010506389 Banco Mercantil do Brasil S.A.      Avenida Paulista ,923                               01311100                                                            000019
1                   000902692011248461-7709                   0000000000000007709P00000000002               017709      05091300000001822230000000012N260813120000000000006070000000000000000000000000000000000000000000000200000000000191BANCO DO BRASIL S.A.                    Rua Doutor César ,530-11° ANDAR                     02013002                                                            000020
1                   000902692011248461-7710                   0000000000000007710300000000002               017710      07091300000000260000000000012N280813120000000000000870000000000000000000000000000000000000000000000262232889000190Banco Daycoval S/A                      Avenida Paulista ,1793-02º Andar                    01311200                                                            000021
1                   000902692011248461-7711                   0000000000000007711100000000002               017711      07091300000000176000000000012N280813120000000000000590000000000000000000000000000000000000000000000262232889000190Banco Daycoval S/A                      Avenida Paulista ,1793-02º Andar                    01311200                                                            000022
1                   000902692011248461-7712                   0000000000000007712P00000000002               017712      07091300000000529240000000012N280813120000000000001760000000000000000000000000000000000000000000000200000000000191BANCO DO BRASIL S.A.                    Rua Doutor César ,530-11° ANDAR                     02013002                                                            000023
1                   000902692011248461-7713                   0000000000000007713800000000002               017713      07091300000000625780000000012N280813120000000000002090000000000000000000000000000000000000000000000200000000000191BANCO DO BRASIL S.A.                    Rua Doutor César ,530-11° ANDAR                     02013002                                                            000024
1                   000902692011248461-7714                   0000000000000007714600000000002               017714      10091300000025000000000000012N280813000000000000000000000000000000000000000000000000000000000000000100001774534193GABRIEL SANTIAGO MARTINS                RUA GOIÂNIA, 1041                                   75901020FRANQUIA: AUSTRÁLIA                                         000025
1                   000902692011248461-7715                   0000000000000007715400000000002               017715      07091300000000177120000000012N280813120000000000000590000000000000000000000000000000000000000000000210377191000169ACM ASSESSORIA CONTABIL LTDA            Avenida Capitão Mário Toledo de Camargo,            09170150                                                            000026
1                   000902692011248461-7667                   0000000000000007667000000000002               067667      20081300000000201000000000012N090813120000000000010000000000000000000000000000000000000000000000000251181287000134Extinpaul Equipamentos Contra Incêndio LRua Campista,88                                     02314080                                                            000027
1                   000902692011248461-7684                   0000000000000007684000000000002               317684      26081300000000415000000000012N160813120000000000010000000000000000000000000000000000000000000000000209016632000118TORI BY LAVITA CONFECCOES DE ROUPAS LTDARua Casimiro de Abreu ,357                          03013001                                                            000028
1                   000902692011248461-7684                   0000000000000007684000000000002               317684      26081300000000355000000000012N160813120000000000010000000000000000000000000000000000000000000000000209016632000118TORI BY LAVITA CONFECCOES DE ROUPAS LTDARua Casimiro de Abreu ,357                          03013001                                                            000029
1                   000902692011248461-7684                   0000000000000007684000000000002               317684      26081300000000341000000000012N160813120000000000010000000000000000000000000000000000000000000000000209016632000118TORI BY LAVITA CONFECCOES DE ROUPAS LTDARua Casimiro de Abreu ,357                          03013001                                                            000030
1                   000902692011248461-7434                   0000000000000007434100000000002               067434      22081300000000693440000000012N120713120000000000010000000000000000000000000000000000000000000000000217184037014765389 Banco Mercantil do Brasil S.A.      Avenida Paulista ,923                               01311100                                                            000031
1                   000902692011248461-7655                   0000000000000007655700000000002               067655      29081300000005500000000000012N090813060500000000000000000000000000000000000000000000000000000000000216899904000130E. F. AURELIA NEGOCIOS E INTERMEDIAÇÃO CRua Liberdade, 596                                  06853700                                                            000032
9                                                                                                                                                                                                                                                                                                                                                                                                         000033