01REMESSA01COBRANCA       00000000000004130991SISTEMA DE CARTóRIO CERTIDõES 237BRADESCO       280613        MX0000655                                                                                                                                                                                                                                                                                     000001
1                   000902692011248461-7237                   0000000000000007237300000000002               017237      08071300000000565000000000012N280613120000000000001880000000000000000000000000000000000000000000000262232889000190Banco Daycoval S/A                      Avenida Paulista ,1793-02º Andar                    01311200                                                            000002
1                   000902692011248461-7238                   0000000000000007238100000000002               017238      08071300000000180000000000012N280613120000000000000600000000000000000000000000000000000000000000000262232889000190Banco Daycoval S/A                      Avenida Paulista ,1793-02º Andar                    01311200                                                            000003
1                   000902692011248461-7239                   0000000000000007239P00000000002               017239      08071300000000226000000000012N280613120000000000000750000000000000000000000000000000000000000000000200360305413964104 Caixa Econômica Federal             Avenida das Nações Unidas ,22540                    04795000                                                            000004
1                   000902692011248461-7240                   0000000000000007240300000000002               017240      08071300000000226000000000012N280613120000000000000750000000000000000000000000000000000000000000000200360305289937104 Caixa Econômica Federal             Avenida Brigadeiro Luís Antônio ,580                01318000                                                            000005
1                   000902692011248461-7241                   0000000000000007241100000000002               017241      08071300000000301900000000012N280613120000000000001010000000000000000000000000000000000000000000000200360305413964104 Caixa Econômica Federal             Avenida das Nações Unidas ,22540                    04795000                                                            000006
1                   000902692011248461-7242                   0000000000000007242P00000000002               017242      08071300000000343400000000012N280613120000000000001140000000000000000000000000000000000000000000000200360305409347104 Caixa Econômica Federal             Rua Oratório ,2098                                  09280000                                                            000007
1                   000902692011248461-6990                   0000000000000006990900000000002               026990      24051300000100000000000000012N220513000000000000000000000000000000000000000000000000000000000000000100013393155806MARCELO GUILHERME MARTINS               RUA REPUBLICA DO EQUADOR 127 BL3 APT 124            11030151                                                            000008
9                                                                                                                                                                                                                                                                                                                                                                                                         000009