01REMESSA01COBRANCA       00000000000004130991SISTEMA DE CARTóRIO CERTIDõES 237BRADESCO       280513        MX0000649                                                                                                                                                                                                                                                                                     000001
1                   000902692011248461-6983                   0000000000000006983600000000002               016983      31051300000000220000000000012N210513120000000000000730000000000000000000000000000000000000000000000243999630000124AVERY DENNISON DO BRASIL LTDA           Rua São Bento,365-12º andar                         01011100                                                            000002
1                   000902692011248461-6984                   0000000000000006984400000000002               016984      31051300000000400000000000012N210513120000000000001330000000000000000000000000000000000000000000000262232889000190Banco Daycoval S/A                      Avenida Paulista ,1793-02º Andar                    01311200                                                            000003
1                   000902692011248461-6985                   0000000000000006985200000000002               016985      31051300000000176000000000012N210513120000000000000590000000000000000000000000000000000000000000000262232889000190Banco Daycoval S/A                      Avenida Paulista ,1793-02º Andar                    01311200                                                            000004
1                   000902692011248461-6986                   0000000000000006986000000000002               016986      31051300000001327950000000012N2105131200000000000044300000000000000000000000000000000000000000000002000000005070911 Banco do Brasil S.A.                  Rua Doutor César,530-11º andar                      02013002                                                            000005
1                   000902692011248461-6987                   0000000000000006987900000000002               016987      03061300000025000000000000012N220513000000000000000000000000000000000000000000000000000000000000000100032848774878MARILYN GEISE CHIMACHI                  RUA BEM TE VI, 41                                   13601413Franquia Leme                                               000006
1                   000902692011248461-6988                   0000000000000006988700000000002               016988      27051300000035000000000000012N220513000000000000000000000000000000000000000000000000000000000000000100037296078715PAULO JORGE ROZA CASANOVA               Av. Adolpho de Vasconcelos, 145 – 804Apt            22793380Salvador / BA (4ª loja)                                     000007
1                   000902692011248461-6989                   0000000000000006989500000000002               016989      29051300000035000000000000012N220513000000000000000000000000000000000000000000000000000000000000000100037296078715PAULO JORGE ROZA CASANOVA               Av. Adolpho de Vasconcelos, 145 –804 apt            22793380Salvador / BA (4ª loja)                                     000008
1                   000902692011248461-6990                   0000000000000006990900000000002               016990      24051300000100000000000000012N220513000000000000000000000000000000000000000000000000000000000000000100013393155806MARCELO GUILHERME MARTINS               RUA REPUBLICA DO EQUADOR 127 BL3 APT 124            11030151                                                            000009
1                   000902692011248461-6991                   0000000000000006991700000000002               016991      10071300000020000000000000012N230513000000000000000000000000000000000000000000000000000000000000000100006636353651FERNANDA ALVES MONTEIRO                 Rua Salinas, 207 – Apto. 401                        35500020                                                            000010
1                   000902692011248461-6992                   0000000000000006992500000000002               016992      02061300000000176000000000012N230513120000000000000590000000000000000000000000000000000000000000000262232889000190Banco Daycoval S/A                      Avenida Paulista ,1793-02º Andar                    01311200                                                            000011
1                   000902692011248461-6993                   0000000000000006993300000000002               016993      06061300000001379000000000012N270513120000000000004600000000000000000000000000000000000000000000000262232889000190Banco Daycoval S/A                      Avenida Paulista ,1793-02º Andar                    01311200                                                            000012
1                   000902692011248461-6994                   0000000000000006994100000000002               016994      06061300000000195000000000012N270513120000000000000650000000000000000000000000000000000000000000000200360305267887104 Caixa Econômica Federal             Rua São Joaquim,69-5º andar                         01508000                                                            000013
1                   000902692011248461-6995                   0000000000000006995P00000000002               016995      07061300000000176000000000012N280513120000000000000590000000000000000000000000000000000000000000000260911864000197AKZO NOBEL LTDA                         Rua São Bento ,365-12º Andar                        01011100                                                            000014
1                   000902692011248461-6996                   0000000000000006996800000000002               016996      07061300000001099750000000012N280513120000000000003670000000000000000000000000000000000000000000000262232889000190Banco Daycoval S/A                      Avenida Paulista ,1793-02º Andar                    01311200                                                            000015
1                   000902692011248461-6997                   0000000000000006997600000000002               016997      07061300000000242000000000012N280513120000000000000810000000000000000000000000000000000000000000000262232889000190Banco Daycoval S/A                      Avenida Paulista,1793-02º Andar                     01311200                                                            000016
1                   000902692011248461-6740                   0000000000000006740P00000000002               026740      15051300000050000000000000012N030513000000000000000000000000000000000000000000000000000000000000000100001339315580MARCELO GUILHERME MARTINS               RUA REPUBLICA DO EQUADOR 127 BL03 AP 124            11030151                                                            000017
1                   000902692011248461-6909                   0000000000000006909700000000002               066909      10061300000020000000000000012N070513000000000000000000000000000000000000000000000000000000000000000100006636353651FERNANDA ALVES MONTEIRO                 Rua Salinas, 207 – Apto. 401                        35500020                                                            000018
1                   000902692011248461-6972                   0000000000000006972000000000002               026972      27051300000000223000000000012N170513120000000000010000000000000000000000000000000000000000000000000262232889000190Banco Daycoval S/A                      Avenida Paulista ,1793-02º Andar                    01311200                                                            000019
1                   000902692011248461-6931                   0000000000000006931300000000002               066931      06061300000002866000000000012N130513120000000000010000000000000000000000000000000000000000000000000201701201000189HSBC Bank Brasil S.A. - Banco Multiplo -Rua Doutor Seidel,425                               05315000                                                            000020
9                                                                                                                                                                                                                                                                                                                                                                                                         000021