01REMESSA01COBRANCA       00000000000004130991SISTEMA DE CARTóRIO CERTIDõES 237BRADESCO       291013        MX0000680                                                                                                                                                                                                                                                                                     000001
1                   000902692011248461-8237                   0000000000000008237900000000002               018237      31101300000001400000000000012N251013000000000000000000000000000000000000000000000000000000000000000100002539643779Álvaro Alves de Oliveira Junior         Estrada do Capenha, 907 casa 73                     22742041Taxa de Franquia -  Seu Pet Com Sobrenome - Jacarepaguá/RJ  000002
1                   000902692011248461-8238                   0000000000000008238700000000002               018238      30101300000040000000000000012N251013000000000000000000000000000000000000000000000000000000000000000100035833213835ANA PAULA ALTRAN                        RUA ANTONIO TETULIANO , 274                         03804030Taxa de Franquia -  Carrão/SP                               000003
1                   000902692011248461-8239                   0000000000000008239500000000002               018239      04111300000000223300000000012N251013120000000000000740000000000000000000000000000000000000000000000262232889000190Banco Daycoval S/A                      Avenida Paulista,1793-02º Andar                     01311200                                                            000004
1                   000902692011248461-8240                   0000000000000008240900000000002               018240      04111300000000176000000000012N251013120000000000000590000000000000000000000000000000000000000000000262232889000190Banco Daycoval S/A                      Avenida Paulista ,1793-02º Andar                    01311200                                                            000005
1                   000902692011248461-8241                   0000000000000008241700000000002               018241      04111300000000176000000000012N251013120000000000000590000000000000000000000000000000000000000000000262232889000190Banco Daycoval S/A                      Avenida Paulista,1793-02º Andar                     01311200                                                            000006
1                   000902692011248461-8242                   0000000000000008242500000000002               018242      04111300000000176000000000012N251013120000000000000590000000000000000000000000000000000000000000000262232889000190Banco Daycoval S/A                      Avenida Paulista,1793-02º Andar                     01311200                                                            000007
1                   000902692011248461-8243                   0000000000000008243300000000002               018243      31101300000000717280000000012N251013120000000000002390000000000000000000000000000000000000000000000217184037010506389 Banco Mercantil do Brasil S.A.      Avenida Paulista ,923                               01311100                                                            000008
1                   000902692011248461-8244                   0000000000000008244100000000002               018244      07111300000000240000000000012N281013120000000000000800000000000000000000000000000000000000000000000100017683448842LUIS MARTINS NETTO                      Rua Júlio Ribeiro,243-LOJA 224                      03010030                                                            000009
1                   000902692011248461-8245                   0000000000000008245P00000000002               018245      07111300000000176000000000012N281013120000000000000590000000000000000000000000000000000000000000000262232889000190Banco Daycoval S/A                      Avenida Paulista,1793-02º Andar                     01311200                                                            000010
1                   000902692011248461-8246                   0000000000000008246800000000002               018246      07111300000000100000000000012N281013120000000000000330000000000000000000000000000000000000000000000253283180000122Tesheiner Cavassani e Giacomazi AdvogadoRua João Adolfo,118-8º andar   sala 801             01050020                                                            000011
1                   000902692011248461-8247                   0000000000000008247600000000002               018247      07111300000000101200000000012N281013120000000000000340000000000000000000000000000000000000000000000217184037010506389 Banco Mercantil do Brasil S.A.      Avenida Paulista ,923                               01311100                                                            000012
1                   000902692011248461-8248                   0000000000000008248400000000002               018248      07111300000000179280000000012N281013120000000000000600000000000000000000000000000000000000000000000210377191000169ACM ASSESSORIA CONTABIL LTDA            Avenida Capitão Mário Toledo de Camargo,            09170150                                                            000013
1                   000902692011248461-8249                   0000000000000008249200000000002               018249      07111300000000140800000000012N281013120000000000000470000000000000000000000000000000000000000000000200360305063700104 Caixa Econômica Federal             AV: Rui Barbosa, ,281/287                           06311000                                                            000014
1                   000902692011248461-8250                   0000000000000008250600000000002               018250      07111300000000080000000000012N281013120000000000000270000000000000000000000000000000000000000000000200360305025441104 Caixa Econômica Federal             RUA: Joaquim Floriano,,446                          04534002                                                            000015
1                   000902692011248461-8251                   0000000000000008251400000000002               018251      07111300000000160000000000012N281013120000000000000530000000000000000000000000000000000000000000000200360305025441104 Caixa Econômica Federal             RUA: Joaquim Floriano, 446,446                      04534002                                                            000016
1                   000902692011248461-8252                   0000000000000008252200000000002               018252      08111300000000311000000000012N291013120000000000001040000000000000000000000000000000000000000000000200360305267887104 Caixa Econômica Federal             Rua São Joaquim,,69-5º andar                        01508000                                                            000017
1                   000902692011248461-8253                   0000000000000008253000000000002               018253      08111300000000311000000000012N291013120000000000001040000000000000000000000000000000000000000000000200360305024127104 Caixa Econômica Federal             Largo São José do Belém,160/162                     03057040                                                            000018
1                   000902692011248461-8254                   0000000000000008254900000000002               018254      30101300000030000000000000012N291013000000000000000000000000000000000000000000000000000000000000000100000907905706CLOVIS SANTOS DE SOUZA                  RUA HONORIO DE ALMEIDA, 161 APTO. 204               21235490Taxa de Franquia -  Irajá/RJ                                000019
1                   000902692011248461-8232                   0000000000000008232800000000002               318232      25101300000030000000000000012N211013000000000000000000000000000000000000000000000000000000000000000100082474699104Fabiane Nunes Cintra                    Avenida Florispina Azambuja, 1.208                  78250000Taxa de Franquia -  Pontes e Lacerda/MT                     000020
9                                                                                                                                                                                                                                                                                                                                                                                                         000021