01REMESSA01COBRANCA       00000000000004130991SISTEMA DE CARTóRIO CERTIDõES 237BRADESCO       290813        MX0000667                                                                                                                                                                                                                                                                                     000001
1                   000902692011248461-7716                   0000000000000007716200000000002               017716      08091300000000480000000000012N290813120000000000001600000000000000000000000000000000000000000000000212721508000168IBRAHIM EL TURK PLANEJADOS              Avenida Águia de Haia ,1359                         03694000                                                            000002
1                   000902692011248461-7717                   0000000000000007717000000000002               017717      08091300000000532400000000012N290813120000000000001770000000000000000000000000000000000000000000000260746948649151237 Banco Bradesco S.A.                 Estrada da Colônia,359                              04892000                                                            000003
1                   000902692011248461-7718                   0000000000000007718900000000002               017718      08091300000000226600000000012N290813120000000000000760000000000000000000000000000000000000000000000200360305267887104 Caixa Econômica Federal             Rua São Joaquim,69-5º andar                         01508000                                                            000004
1                   000902692011248461-7719                   0000000000000007719700000000002               017719      08091300000000560000000000012N290813120000000000001870000000000000000000000000000000000000000000000212721508000168IBRAHIM EL TURK PLANEJADOS              Avenida Águia de Haia - até 3301/3302,13            03694000                                                            000005
1                   000902692011248461-7720                   0000000000000007720000000000002               017720      08091300000000120000000000012N290813120000000000000400000000000000000000000000000000000000000000000212721508000168IBRAHIM EL TURK PLANEJADOS              Avenida Águia de Haia - até 3301/3302,13            03694000                                                            000006
1                   000902692011248461-7721                   0000000000000007721900000000002               017721      08091300000000080000000000012N290813120000000000000270000000000000000000000000000000000000000000000212721508000168IBRAHIM EL TURK PLANEJADOS              Avenida Águia de Haia ,1359                         03694000                                                            000007
1                   000902692011248461-7722                   0000000000000007722700000000002               017722      05091300000020000000000000012N290813000000000000000000000000000000000000000000000000000000000000000100012168469873JULIANO BARRETO NASCIMENTO              Rua Antônio Belchior da Silveira, 246               15190000Franquia Votuporanga                                        000008
1                   000902692011248461-7723                   0000000000000007723500000000002               017723      05101300000020000000000000012N290813000000000000000000000000000000000000000000000000000000000000000100012168469873JULIANO BARRETO NASCIMENTO              Rua Antônio Belchior da Silveira, 246               15190000Franquia Votuporanga                                        000009
1                   000902692011248461-7724                   0000000000000007724300000000002               017724      02091300000000642000000000012N290813060500000000002140000000000000000000000000000000000000000000000217184037010506389 Banco Mercantil do Brasil S.A.      Avenida Paulista ,923                               01311100                                                            000010
1                   000902692011248461-7725                   0000000000000007725100000000002               017725      02091300000002589170000000012N290813060500000000008630000000000000000000000000000000000000000000000217184037010506389 Banco Mercantil do Brasil S.A.      Avenida Paulista ,923                               01311100                                                            000011
9                                                                                                                                                                                                                                                                                                                                                                                                         000012