01REMESSA01COBRANCA       00000000000004130991SISTEMA DE CARTóRIO CERTIDõES 237BRADESCO       290113        MX0000630                                                                                                                                                                                                                                                                                     000001
1                   000902692011248461-5903                   0000000000000005903200000000002               015903      29011300000007500000000000012N240113000000000000000000000000000000000000000000000000000000000000000100028573317892Silvana Carla de Oliveira Miranda       . Rua Liscano Coelho Blanco, 419, 410               15400000                                                            000002
1                   000902692011248461-5904                   0000000000000005904000000000002               015904      25021300000022500000000000012N240113000000000000000000000000000000000000000000000000000000000000000100028573317892Silvana Carla de Oliveira Miranda       . Rua Liscano Coelho Blanco, 419, 410               15400000                                                            000003
1                   000902692011248461-5907                   0000000000000005907500000000002               015907      07021300000000292000000000012N280113120000000000000970000000000000000000000000000000000000000000000270030457000809TRIGUEIROFONTES  ADVOGADOS              Rua Haddock Lobo ,846-13 andar  Prédio B            01414000                                                            000004
1                   000902692011248461-5906                   0000000000000005906700000000002               015906      07021300000000078000000000012N280113120000000000000260000000000000000000000000000000000000000000000200360305267887104 Caixa Econômica Federal             Rua São Joaquim, ,69-5º andar                       01508000                                                            000005
1                   000902692011248461-5908                   0000000000000005908300000000002               015908      12021300000000150000000000012N280113000000000000000000000000000000000000000000000000000000000000000100078795036172Silvia Betania  A de Freitas D.         QR 518 CONJUNTO J, 31                   PEDIDO 842  72548810ATÉ DIA 12/02/2013 CONCEDER O DESCONTO DE 60,00             000006
1                   000902692011248461-5909                   0000000000000005909100000000002               015909      12021300000000150000000000012N280113000000000000000000000000000000000000000000000000000000000000000100008301841630Dhiego Henrique da Silva                Rua Joaquim Cândido Alves, 6            PEDIDO 828  37330000ATÉ  DIA 12/02/2013 CONCEDER O DESCONTO DE 60,00            000007
1                   000902692011248461-5910                   0000000000000005910500000000002               015910      12021300000000150000000000012N280113000000000000000000000000000000000000000000000000000000000000000100005446361717Paula Paes Sampaio                      Rua Carlos Góis, 90 / 102               PEDIDO 810  22440040ATÉ  DIA 12/02/2013 CONCEDER O DESCONTO DE 60,00            000008
1                   000902692011248461-5911                   0000000000000005911300000000002               015911      12021300000000150000000000012N280113000000000000000000000000000000000000000000000000000000000000000100030270599800Thales Renato Teracin                   Rua Romano Clapis, 43                   PEDIDO 807  13670000ATÉ  DIA 12/02/2013 CONCEDER O DESCONTO DE 60,00            000009
1                   000902692011248461-5912                   0000000000000005912100000000002               015912      12021300000000150000000000012N280113000000000000000000000000000000000000000000000000000000000000000100007108202670Rodrigo Dornelas Garcia                 Rua: Coronel Anicésio, 155              PEDIDO 795  38840000ATÉ  DIA 12/02/2013 CONCEDER O DESCONTO DE 60,00            000010
1                   000902692011248461-5913                   0000000000000005913P00000000002               015913      12021300000000150000000000012N280113000000000000000000000000000000000000000000000000000000000000000100005481162709Fernanda Angelica de A. Soares          Rua São Camilo, 45 APTO 201             PEDIDO 790  21070450ATÉ  DIA 12/02/2013 CONCEDER O DESCONTO DE 60,00            000011
1                   000902692011248461-5914                   0000000000000005914800000000002               015914      12021300000000150000000000012N280113000000000000000000000000000000000000000000000000000000000000000100038972087840Aline Ciriaco Tavares da Silva          RUA QUIRINO JACINTO DOS SANTOS, 105     PEDIDO 772  11677335ATÉ  DIA 12/02/2013 CONCEDER O DESCONTO DE 60,00            000012
1                   000902692011248461-5915                   0000000000000005915600000000002               015915      12021300000000150000000000012N280113000000000000000000000000000000000000000000000000000000000000000100008317655938Juliane Almeida da Rocha                RUA ARMANDO CRIPPA, 782                 PEDIDO 769  87047140ATÉ  DIA 12/02/2013 CONCEDER O DESCONTO DE 60,00            000013
1                   000902692011248461-5916                   0000000000000005916400000000002               015916      12021300000000150000000000012N280113000000000000000000000000000000000000000000000000000000000000000100004578177556Rafaella Gomes da Gama                  Av. Getulio Vargas, 151                 PEDIDO762   46880000ATÉ  DIA 12/02/2013 CONCEDER O DESCONTO DE 60,00            000014
1                   000902692011248461-5917                   0000000000000005917200000000002               015917      12021300000000150000000000012N280113000000000000000000000000000000000000000000000000000000000000000100011978125712Ariela Araújo                           Av. Anchieta, 200 16º andar             PEDIDO 760  13015904ATÉ  DIA 12/02/2013 CONCEDER O DESCONTO DE 60,00            000015
1                   000902692011248461-5918                   0000000000000005918000000000002               015918      12021300000000150000000000012N280113000000000000000000000000000000000000000000000000000000000000000100004606544112João Carlos Morais e Silva              Qnl 26 conjunto B casa 8                PEDIDO 752  72161602ATÉ  DIA 12/02/2013 CONCEDER O DESCONTO DE 60,00            000016
1                   000902692011248461-5919                   0000000000000005919900000000002               015919      12021300000000150000000000012N280113000000000000000000000000000000000000000000000000000000000000000100032165768845Juliana Lopes                           Rua Voluntarios de Piracicaba, 1855  APTPEDIDO 749  03216576ATÉ  DIA 12/02/2013 CONCEDER O DESCONTO DE 60,00            000017
1                   000902692011248461-5920                   0000000000000005920200000000002               015920      12021300000000150000000000012N280113000000000000000000000000000000000000000000000000000000000000000100094261415534Paulo Chaves                            Rua Doutor Veiga Filho, 61  APTO 52     PEDIDO 748  01229000ATÉ  DIA 12/02/2013 CONCEDER O DESCONTO DE 60,00            000018
1                   000902692011248461-5921                   0000000000000005921000000000002               015921      12021300000000150000000000012N280113000000000000000000000000000000000000000000000000000000000000000100022427611883Marcella Gabiatti Bottignon             RUA GENERAL OSORIO, 1257                PEDIDO 746  13010111ATÉ  DIA 12/02/2013 CONCEDER O DESCONTO DE 60,00            000019
1                   000902692011248461-5922                   0000000000000005922900000000002               015922      12021300000000150000000000012N280113000000000000000000000000000000000000000000000000000000000000000100007345065626Henrique de Souza Santos                R. Margaridas, 640                      PEDIDO 745  35900120ATÉ  DIA 12/02/2013 CONCEDER O DESCONTO DE 60,00            000020
1                   000902692011248461-5923                   0000000000000005923700000000002               015923      12021300000000150000000000012N280113000000000000000000000000000000000000000000000000000000000000000100007920278767Marcel Moreira Serqueira                Rua Haroldo Cavalcanti, 191 / 104       PEDIDO 743  22785240ATÉ  DIA 12/02/2013 CONCEDER O DESCONTO DE 60,00            000021
1                   000902692011248461-5924                   0000000000000005924500000000002               015924      12021300000000150000000000012N280113000000000000000000000000000000000000000000000000000000000000000100028668963864ANA CRISTINA DE S. MOTA                 AV IMPERADOR, 3712                      PEDIDO 739  08051000ATÉ  DIA 12/02/2013 CONCEDER O DESCONTO DE 60,00            000022
1                   000902692011248461-5925                   0000000000000005925300000000002               015925      07121300000000180000000000012N280113000000000000000000000000000000000000000000000000000000000000000100029531668825Camila Ferrini L. Ferreira              : R: Mossoró, 38                                    09290450                                                            000023
1                   000902692011248461-5926                   0000000000000005926100000000002               015926      25031300000000180000000000012N280113000000000000000000000000000000000000000000000000000000000000000100029531668825Camila Ferrini L. Ferreira               R: Mossoró, 38                                     09290450                                                            000024
1                   000902692011248461-5927                   0000000000000005927P00000000002               015927      10041300000000180000000000012N280113000000000000000000000000000000000000000000000000000000000000000100029531668825Camila Ferrini L. Ferreira              : R: Mossoró, 38                                    09290450                                                            000025
1                   000902692011248461-5928                   0000000000000005928800000000002               015928      08021300000000150000000000012N290113120000000000000500000000000000000000000000000000000000000000000253283180000122Tesheiner Cavassani e Giacomazi AdvogadoRua João Adolfo,118-8º andar   sala 801             01050020                                                            000026
9                                                                                                                                                                                                                                                                                                                                                                                                         000027