00100000         210914772000192002775140001417019  00018300000009059170SISTECART CONSULTORIA DE NEGOCBANCO DO BRASIL S.A.                    11702201616023200000008300000                                                                     
00100011R01  042 2010914772000192002775140001417019  00018300000009059170SISTECART CONSULTORIA DE NEGOC                                                                                000000011702201600000000000000000000000000000000000000000
0010001300001P 010001830000000905917027751400000017674   70022       R01AÇAIL1002201600000000005000000000 04N0202201600000000000000000000000000000000000000000000000000000000000000000000000000000000000000000000000000000001100000090000000000 
0010001300002Q 012019289512000148P W INTERMEDIAÇÃO CARTORÁRIA LTDA       Rua Bonaire                             Centro         65930000Açailândia     MA0000000000000000                                        000                            
0010001300003P 010001830000000905917027751400000017677   70022            R010302201600000000005000000000 04N0202201600000000000000000000000000000000000000000000000000000000000000000000000000000000000000000000000000000001100000090000000000 
0010001300004Q 012019289512000148P W INTERMEDIAÇÃO CARTORÁRIA LTDA       Rua Bonaire                             Centro         65930000Açailândia     MA0000000000000000                                        000                            
00100015         000006                                                                                                                                                                                                                         
00199999         000001000008000000                                                                                                                                                                                                             