01REMESSA01COBRANCA       00000000000004130991SISTEMA DE CARTóRIO CERTIDõES 237BRADESCO       010411        MX0000341                                                                                                                                                                                                                                                                                     000001
1                   000902692011248461-339                    0000000000000000339800000000002               01339       10041100000000085600000000012N310311000000000000000290000000000000000000000000000000000000000000000203723171000137E Cunha Consultoria Empresarial Ltda.   Rua Nova York ,959-conj. 52                         04560002                                                            000002
1                   000902692011248461-340                    0000000000000000340100000000002               01340       11041100000000140400000000012N010411000000000000000470000000000000000000000000000000000000000000000203723171000137E Cunha Consultoria Empresarial Ltda.   Rua Nova York ,959-conj. 52                         04560002                                                            000003
1                   000902692011248461-341                    0000000000000000341P00000000002               01341       11041100000000296800000000012N010411000000000000000990000000000000000000000000000000000000000000000203513451000110NERONE DO BRASIL CIA. Securitizadora de Avenida Paulista,726-Sala 1410 - 14º and            01310100                                                            000004
1                   000902692011248461-342                    0000000000000000342800000000002               01342       11041100000000161000000000012N010411000000000000000540000000000000000000000000000000000000000000000100019453990582GENIVALDO SOUZA DA SILVA                Rua Milton Barreto,14-CASA 02                       09132080                                                            000005
1                   000902692011248461-343                    0000000000000000343600000000002               01343       04041100000000043380000000012N010411000000000000000140000000000000000000000000000000000000000000000212027250000102MT ASSESSORIA CARTORARIA LTDA - EPP     Avenida Nossa Senhora Aparecida,918                 14177055Ref. Royalties de Janeiro                                   000006
1                   000902692011248461-344                    0000000000000000344400000000002               01344       04041100000000065080000000012N010411000000000000000220000000000000000000000000000000000000000000000212027250000102MT ASSESSORIA CARTORARIA LTDA - EPP     Avenida Nossa Senhora Aparecida,918                 14177055Ref. Royalties de Fevereiro                                 000007
1                   000902692011248461-316                    0000000000000000316900000000002               06316       11041100000019669350000000012N280311000000000000010000000000000000000000000000000000000000000000000292894922000108BANCO MATONE (Núcleo Consignado RJ - MatAvenida Rio Branco,80-8º  e 9º andar                20040070                                                            000008
9                                                                                                                                                                                                                                                                                                                                                                                                         000009