01REMESSA01COBRANCA       00000000000004130991SISTEMA DE CARTóRIO CERTIDõES 237BRADESCO       010711        MX0000395                                                                                                                                                                                                                                                                                     000001
1                   000902692011248461-994                    0000000000000000994900000000002               01994       05071100000015000000000000012N010711000000000000000000000000000000000000000000000000000000000000000100024559520291ROGERIO ALENCAR RAMOS                   RUA S-5, 440 APTO 1402                              74823460                                                            000002
1                   000902692011248461-989                    0000000000000000989200000000002               01989       11071100000000100000000000012N300611120000000000000330000000000000000000000000000000000000000000000200360305303271104 Caixa Econômica Federal             Avenida Brasil ,67                                  01431000                                                            000003
1                   000902692011248461-990                    0000000000000000990600000000002               01990       11071100000000058000000000012N300611120000000000000190000000000000000000000000000000000000000000000210377191000169ACM  Legalizações Empresariais Ltda. - MAvenida Capitão Mário Toledo de Camargo,            09170150                                                            000004
1                   000902692011248461-991                    0000000000000000991400000000002               01991       05071100000046666000000000012N010711120000000000000000000000000000000000000000000000000000000000000100000478771118GIULIANA MOREIRA  DE MELO               RUA PEDRO MARTINS, 101                              79032340                                                            000005
1                   000902692011248461-992                    0000000000000000992200000000002               01992       05081100000046666000000000012N010711000000000000000000000000000000000000000000000000000000000000000100000478771118GIULIANA MOREIRA  DE MELO               RUA PEDRO MARTINS, 101                              79032340                                                            000006
1                   000902692011248461-993                    0000000000000000993000000000002               01993       05091100000046668000000000012N010711120000000000000000000000000000000000000000000000000000000000000100000478771118GIULIANA MOREIRA  DE MELO               RUA PEDRO MARTINS, 101                              79032340                                                            000007
1                   000902692011248461-995                    0000000000000000995700000000002               01995       29081100000020000000000000012N010711000000000000000000000000000000000000000000000000000000000000000100024559520291ROGERIO ALENCAR RAMOS                   RUA S-5, 440 APTO 1402                              74823460                                                            000008
1                   000902692011248461-996                    0000000000000000996500000000002               01996       11071100000000155000000000012N010711120000000000000520000000000000000000000000000000000000000000000100027245249857ANTONIA LUIZA  DA SILVA                 Rua Professor Fernando Aluisio,540                  07500000                                                            000009
1                   000902692011248461-997                    0000000000000000997300000000002               01997       11071100000000280000000000012N010711120000000000000930000000000000000000000000000000000000000000000258616418000108Banco Fibra S/A                         Avenida Presidente Juscelino Kubitschek             04543000                                                            000010
1                   000902692011248461-998                    0000000000000000998100000000002               01998       11071100000000140000000000012N010711120000000000000470000000000000000000000000000000000000000000000262232889000190Banco Daycoval S/A                      Avenida Paulista,1793-02º Andar                     01311200                                                            000011
9                                                                                                                                                                                                                                                                                                                                                                                                         000012