01REMESSA01COBRANCA       00000000000004130991SISTEMA DE CARTóRIO CERTIDõES 237BRADESCO       011111        MX0000464                                                                                                                                                                                                                                                                                     000001
1                   000902692011248461-2048                   0000000000000002048900000000002               012048      10111100000000100000000000012N311011120000000000000330000000000000000000000000000000000000000000000209313766000109CARUANA S/A SOCIEDADE DE CREDITO FINANC AV DAS NAÇÕES UNIDAS,Nº 11541 11º ANDAR             04578000                                                            000002
1                   000902692011248461-2049                   0000000000000002049700000000002               012049      11111100000000300000000000012N011111120000000000001000000000000000000000000000000000000000000000000200360305025441104 Caixa Econômica Federal             RUA: Joaquim Floriano, ,446                         04534002                                                            000003
1                   000902692011248461-2050                   0000000000000002050000000000002               012050      11111100000000777170000000012N011111120000000000002590000000000000000000000000000000000000000000000200360305098830104 Caixa Econômica Federal             Av. PADRE ANTONIO JOSE DOS SANTOS,,459              04563130                                                            000004
1                   000902692011248461-2051                   0000000000000002051900000000002               012051      11111100000000400000000000012N011111120000000000001330000000000000000000000000000000000000000000000209263012000183Fundo de Investimento em Direitos CreditAvenida Paulista ,1499-19º. Andar                   01311200                                                            000005
1                   000902692011248461-2052                   0000000000000002052700000000002               012052      11111100000000420000000000012N011111120000000000001400000000000000000000000000000000000000000000000262232889000190Banco Daycoval S/A                      Avenida Paulista ,1793-02º Andar                    01311200                                                            000006
1                   000902692011248461-2053                   0000000000000002053500000000002               012053      11111100000000174000000000012N011111120000000000000580000000000000000000000000000000000000000000000203723171000137E Cunha Consultoria Empresarial Ltda.   Rua Nova York ,959                                  04560002                                                            000007
1                   000902692011248461-2054                   0000000000000002054300000000002               012054      11111100000000280000000000012N011111120000000000000930000000000000000000000000000000000000000000000209263012000183Fundo de Investimento em Direitos CreditAvenida Paulista ,1499-19º. Andar                   01311200                                                            000008
1                   000902692011248461-2055                   0000000000000002055100000000002               012055      11111100000000040250000000012N011111120000000000000130000000000000000000000000000000000000000000000210377191000169ACM  Legalizações Empresariais Ltda. - MAvenida Capitão Mário Toledo de Camargo,            09170150                                                            000009
1                   000902692011248461-2056                   0000000000000002056P00000000002               012056      26011200000020000000000000012N011111000000000000000000000000000000000000000000000000000000000000000100074152670797MARIA DE FATIMA DOS SANTOS NASCIMENTO   RUA GENERAL DIONISIO, 585, APTO 503                 25075095                                                            000010
1                   000902692011248461-2047                   0000000000000002047000000000002               022047      10111100000000140000000000012N311011120000000000010000000000000000000000000000000000000000000000000258616418000108Banco Fibra S/A                         Avenida Presidente Juscelino Kubitschek             04543000                                                            000011
1                   000902692011248461-2026                   0000000000000002026800000000002               312026      14111100000035000000000000012N271011000000000000000000000000000000000000000000000000000000000000000100005933492612JOSEANI MAYER FONSECA                   RUA MARIA AMELIA, 300                               36026230                                                            000012
1                   000902692011248461-2027                   0000000000000002027600000000002               312027      20021200000035000000000000012N271011000000000000000000000000000000000000000000000000000000000000000100005933492612JOSEANI MAYER FONSECA                   RUA MARIA AMELIA, 300                               36026230                                                            000013
9                                                                                                                                                                                                                                                                                                                                                                                                         000014