01REMESSA01COBRANCA       00000000000004130991SISTEMA DE CARTóRIO CERTIDõES 237BRADESCO       010811        MX0000413                                                                                                                                                                                                                                                                                     000001
1                   000902692011248461-1253                   0000000000000001253200000000002               011253      11081100000000290000000000012N010811120000000000000970000000000000000000000000000000000000000000000200360305308826104 Caixa Econômica Federal             Rua Estuário,36                                     04645100                                                            000002
1                   000902692011248461-1254                   0000000000000001254000000000002               011254      11081100000000240000000000012N010811120000000000000800000000000000000000000000000000000000000000000200360305310723104 Caixa Econômica Federal             Avenida da Aclimação ,775                           01531001                                                            000003
1                   000902692011248461-1233                   0000000000000001233800000000002               021233      08081100000000232000000000012N280711120000000000010000000000000000000000000000000000000000000000000209263012000183Fundo de Investimento em Direitos CreditAvenida Paulista ,1499-19º. Andar                   01311200                                                            000004
1                   000902692011248461-1247                   0000000000000001247800000000002               061247      16081100000000360000000000012N290711120000000000010000000000000000000000000000000000000000000000000209263012000183Fundo de Investimento em Direitos CreditAvenida Paulista ,1499-19º. Andar                   01311200                                                            000005
9                                                                                                                                                                                                                                                                                                                                                                                                         000006