01REMESSA01COBRANCA       00000000000004130991SISTEMA DE CARTóRIO CERTIDõES 237BRADESCO       011211        MX0000475                                                                                                                                                                                                                                                                                     000001
1                   000902692011248461-2276                   0000000000000002276700000000002               012276      29111100000035000000000000012N281111000000000000000000000000000000000000000000000000000000000000000100096534699320RAFAEL CORREA MACIEL                    RUA DO ARIRIZAL, 45 CASA 07 CONDOMINIO M            65067190                                                            000002
1                   000902692011248461-2277                   0000000000000002277500000000002               012277      09121100000000210000000000012N291111120000000000000700000000000000000000000000000000000000000000000262232889000190Banco Daycoval S/A                      Avenida Paulista,1793-02º Andar                     01311200                                                            000003
1                   000902692011248461-2278                   0000000000000002278300000000002               012278      12121100000000100000000000012N301111120000000000000330000000000000000000000000000000000000000000000253283180000122Tesheiner Cavassani e Giacomazi AdvogadoRua João Adolfo,118-Conj. 405                       01050020                                                            000004
1                   000902692011248461-2279                   0000000000000002279100000000002               012279      10121100000040000000000000012N301111000000000000000000000000000000000000000000000000000000000000000100014816776591MARIA OLIVIA MAGALHAES CARVALHO         AV ORLANDO GOMES, LOTEAMENTO PQ COSTA VE            41650010                                                            000005
1                   000902692011248461-2280                   0000000000000002280500000000002               012280      10011200000008000000000000012N301111000000000000000000000000000000000000000000000000000000000000000100014816776591MARIA OLIVIA MAGALHAES CARVALHO         AV ORLANDO GOMES, LOTEAMENTO PQ COSTA VE            41650010                                                            000006
1                   000902692011248461-2281                   0000000000000002281300000000002               012281      10021200000008000000000000012N301111000000000000000000000000000000000000000000000000000000000000000100014816776591MARIA OLIVIA MAGALHAES CARVALHO         AV ORLANDO GOMES, LOTEAMENTO PQ COSTA VE            41650010                                                            000007
1                   000902692011248461-2282                   0000000000000002282100000000002               012282      10031200000008000000000000012N301111000000000000000000000000000000000000000000000000000000000000000100014816776591MARIA OLIVIA MAGALHAES CARVALHO         AV ORLANDO GOMES, LOTEAMENTO PQ COSTA VE            41650010                                                            000008
1                   000902692011248461-2283                   0000000000000002283P00000000002               012283      10041200000008000000000000012N301111000000000000000000000000000000000000000000000000000000000000000100014816776591MARIA OLIVIA MAGALHAES CARVALHO         AV ORLANDO GOMES, LOTEAMENTO PQ COSTA VE            41650010                                                            000009
1                   000902692011248461-2284                   0000000000000002284800000000002               012284      10051200000008000000000000012N301111000000000000000000000000000000000000000000000000000000000000000100014816776591MARIA OLIVIA MAGALHAES CARVALHO         AV ORLANDO GOMES, LOTEAMENTO PQ COSTA VE            41650010                                                            000010
1                   000902692011248461-2285                   0000000000000002285600000000002               012285      20121100000010000000000000012N301111000000000000000000000000000000000000000000000000000000000000000100006305324867SONIA CRISTINA CEREGATI                 RUA ADMAR MAIA, 362                                 13040390                                                            000011
1                   000902692011248461-2286                   0000000000000002286400000000002               012286      20011200000025000000000000012N301111000000000000000000000000000000000000000000000000000000000000000100006305324867SONIA CRISTINA CEREGATI                 RUA ADMAR MAIA, 362                                 13040390                                                            000012
1                   000902692011248461-2287                   0000000000000002287200000000002               012287      20021200000025000000000000012N301111000000000000000000000000000000000000000000000000000000000000000100006305324867SONIA CRISTINA CEREGATI                 RUA ADMAR MAIA, 362                                 13040390                                                            000013
1                   000902692011248461-2288                   0000000000000002288000000000002               012288      12121100000000100000000000012N301111120000000000000330000000000000000000000000000000000000000000000253283180000122Tesheiner Cavassani e Giacomazi AdvogadoRua João Adolfo,118-Conj. 405                       01050020                                                            000014
1                   000902692011248461-2289                   0000000000000002289900000000002               012289      12121100000000122900000000012N301111120000000000000410000000000000000000000000000000000000000000000253283180000122Tesheiner Cavassani e Giacomazi AdvogadoRua João Adolfo,118-Conj. 405                       01050020                                                            000015
1                   000902692011248461-2290                   0000000000000002290200000000002               012290      12121100000001710920000000012N301111000000000000000000000000000000000000000000000000000000000000000100010056865805MIRIAN CRISTINA BATISTA ZANATA          RUA MARIA AGOSTINELLI, 105 - BL 02 - APT            22775046                                                            000016
1                   000902692011248461-2291                   0000000000000002291000000000002               012291      05121200000010000000000000012N301111000000000000000000000000000000000000000000000000000000000000000100010056865805MIRIAN CRISTINA BATISTA ZANATA          RUA MARIA AGOSTINELLI, 105 - BL 02 - APT            22775046                                                            000017
1                   000902692011248461-2292                   0000000000000002292900000000002               012292      12121100000000351020000000012N301111120000000000001170000000000000000000000000000000000000000000000253283180000122Tesheiner Cavassani e Giacomazi AdvogadoRua João Adolfo,118-Conj. 405                       01050020                                                            000018
1                   000902692011248461-2293                   0000000000000002293700000000002               012293      12121100000000255730000000012N301111120000000000000850000000000000000000000000000000000000000000000253283180000122Tesheiner Cavassani e Giacomazi AdvogadoRua João Adolfo,118-Conj. 405                       01050020                                                            000019
1                   000902692011248461-2294                   0000000000000002294500000000002               012294      12121100000000189150000000012N301111120000000000000630000000000000000000000000000000000000000000000200425653000112GIARDINI NOIVAS LTDA ME                 Rua Dutra Rodrigues,74                              01105010                                                            000020
1                   000902692011248461-2295                   0000000000000002295300000000002               012295      02121100000015000000000000012N301111000000000000000000000000000000000000000000000000000000000000000100059427680806AMILCAR A. RODRIGUES                    PRAÇA CLOVIS BEVILAQUA, 351 SL 601                  01018001                                                            000021
1                   000902692011248461-2296                   0000000000000002296100000000002               012296      02011200000005833330000000012N301111000000000000000000000000000000000000000000000000000000000000000100059427680806AMILCAR A. RODRIGUES                    PRAÇA CLOVIS BEVILAQUA, 351 SL 601                  01018001                                                            000022
1                   000902692011248461-2297                   0000000000000002297P00000000002               012297      02021200000005833330000000012N301111000000000000000000000000000000000000000000000000000000000000000100059427680806AMILCAR A. RODRIGUES                    PRAÇA CLOVIS BEVILAQUA, 351 SL 601                  01018001                                                            000023
1                   000902692011248461-2298                   0000000000000002298800000000002               012298      02031200000005833330000000012N301111000000000000000000000000000000000000000000000000000000000000000100059427680806AMILCAR A. RODRIGUES                    PRAÇA CLOVIS BEVILAQUA, 351 SL 601                  01018001                                                            000024
1                   000902692011248461-2299                   0000000000000002299600000000002               012299      02041200000005833330000000012N301111000000000000000000000000000000000000000000000000000000000000000100059427680806AMILCAR A. RODRIGUES                    PRAÇA CLOVIS BEVILAQUA, 351 SL 601                  01018001                                                            000025
1                   000902692011248461-2300                   0000000000000002300300000000002               012300      02051200000005833330000000012N301111000000000000000000000000000000000000000000000000000000000000000100059427680806AMILCAR A. RODRIGUES                    PRAÇA CLOVIS BEVILAQUA, 351 SL 601                  01018001                                                            000026
1                   000902692011248461-2301                   0000000000000002301100000000002               012301      02061200000005833350000000012N301111000000000000000000000000000000000000000000000000000000000000000100059427680806AMILCAR A. RODRIGUES                    PRAÇA CLOVIS BEVILAQUA, 351 SL 601                  01018001                                                            000027
1                   000902692011248461-2302                   0000000000000002302P00000000002               012302      12121100000000100000000000012N301111120000000000000330000000000000000000000000000000000000000000000250533876000171Panamericano Administradora de ConsórcioAv Paulista , 2.240                                 01310300                                                            000028
1                   000902692011248461-2303                   0000000000000002303800000000002               012303      12121100000000120000000000012N301111120000000000000400000000000000000000000000000000000000000000000203586507000167J. A. Rezende advogados associados      Rua: Libero Badaró, ,471-17° ANDAR                  01009903                                                            000029
1                   000902692011248461-2304                   0000000000000002304600000000002               012304      12121100000001713900000000012N301111120000000000005710000000000000000000000000000000000000000000000203723171000137E Cunha Consultoria Empresarial Ltda.   Rua Nova York ,959                                  04560002                                                            000030
1                   000902692011248461-2305                   0000000000000002305400000000002               012305      12121100000000170000000000012N301111120000000000000570000000000000000000000000000000000000000000000209624793000194BIANCHINI SOCIEDADE DE ADVOGADOS        Avenida Pedroso de Morais,2315                      05419001                                                            000031
1                   000902692011248461-2306                   0000000000000002306200000000002               012306      19121100000000840000000000012N301111120000000000002800000000000000000000000000000000000000000000000209263012000183Fundo de Investimento em Direitos CreditAvenida Paulista ,1499-19º. Andar                   01311200                                                            000032
1                   000902692011248461-2307                   0000000000000002307000000000002               012307      12121100000000230000000000012N301111120000000000000770000000000000000000000000000000000000000000000203723171000137E Cunha Consultoria Empresarial Ltda.   Rua Nova York ,959                                  04560002                                                            000033
1                   000902692011248461-2308                   0000000000000002308900000000002               012308      12121100000000086660000000012N301111120000000000000290000000000000000000000000000000000000000000000205888414000112CREAÇÕES MX FASHION LIMITADA            Rua Aimorés,210                                     01122010                                                            000034
1                   000902692011248461-2309                   0000000000000002309700000000002               012309      19121100000000230000000000012N011211120000000000000770000000000000000000000000000000000000000000000233479023000180CITIBANK RISK MANAGEMENT                Avenida Paulista, nº 1.111, 2º andar,1.1            01311920                                                            000035
1                   000902692011248461-2310                   0000000000000002310000000000002               012310      12121100000000080500000000012N011211120000000000000270000000000000000000000000000000000000000000000210377191000169ACM ASSESSORIA CONTABIL LTDA            Avenida Capitão Mário Toledo de Camargo,            09170150                                                            000036
1                   000902692011248461-2311                   0000000000000002311900000000002               012311      12121100000000232890000000012N011211120000000000000780000000000000000000000000000000000000000000000208853329000107NOIVAS EM MOVIMENTO - COMERCIO DE ROUPASRua Dutra Rodrigues,74                              01105010                                                            000037
1                   000902692011248461-2312                   0000000000000002312700000000002               012312      12121100000000654000000000012N011211120000000000002180000000000000000000000000000000000000000000000209685914000108Z.DANI COMERCIO DE MOTOS E EQUIPAMENTOS Alameda Barão de Limeira,71-loja 19 - té            01202000                                                            000038
1                   000902692011248461-2313                   0000000000000002313500000000002               012313      12121100000000060000000000012N011211120000000000000200000000000000000000000000000000000000000000000210752899000152JAPA SOUND LTDA ME                      Avenida Cupecê,2452                                 04366000                                                            000039
1                   000902692011248461-2314                   0000000000000002314300000000002               012314      12121100000000304000000000012N011211120000000000001010000000000000000000000000000000000000000000000209624793000194BIANCHINI SOCIEDADE DE ADVOGADOS        Avenida Pedroso de Morais,2315                      05419001                                                            000040
1                   000902692011248461-2315                   0000000000000002315100000000002               012315      12121100000000184000000000012N011211120000000000000610000000000000000000000000000000000000000000000217184037010506389 Banco Mercantil do Brasil S.A.      Avenida Paulista ,923                               01311100                                                            000041
1                   000902692011248461-2316                   0000000000000002316P00000000002               012316      12121100000000192000000000012N011211120000000000000640000000000000000000000000000000000000000000000200360305160810104 Caixa Econômica Federal             Rua Antônio Bernardo Coutinho,,149                  06013050                                                            000042
9                                                                                                                                                                                                                                                                                                                                                                                                         000043