01REMESSA01COBRANCA       00000000000004130991SISTEMA DE CARTóRIO CERTIDõES 237BRADESCO       010611        MX0000376                                                                                                                                                                                                                                                                                     000001
1                   000902692011248461-785                    0000000000000000785700000000002               01785       10061100000000630000000000012N310511000000000000002100000000000000000000000000000000000000000000000200360305159723104 Caixa Econômica Federal             Rua Teodoro Sampaio,  ,429                          05405000                                                            000002
1                   000902692011248461-786                    0000000000000000786500000000002               01786       10061100000000059000000000012N310511000000000000000200000000000000000000000000000000000000000000000210377191000169ACM  Legalizações Empresariais Ltda. - MAvenida Capitão Mário Toledo de Camargo,            09170150                                                            000003
1                   000902692011248461-787                    0000000000000000787300000000002               01787       10061100000001532000000000012N310511000000000000005110000000000000000000000000000000000000000000000207624487000122GL2 NACIONAL REPRESENTAÇÕES LTDA        Rua Frei Caneca,30-Conj. 08                         06706015                                                            000004
1                   000902692011248461-788                    0000000000000000788100000000002               01788       10061100000000375300000000012N310511000000000000001250000000000000000000000000000000000000000000000257885329000102MAK FRIGO REFRIGERAÇÃO LTDA             Rua Paula Sousa ,87                                 01027001                                                            000005
1                   000902692011248461-789                    0000000000000000789P00000000002               01789       10061100000000280000000000012N310511000000000000000930000000000000000000000000000000000000000000000201190978000126ITALIA COMERCIAL TEXTIL LTDA ME         Rua Almirante Barroso ,308                          03025000                                                            000006
1                   000902692011248461-790                    0000000000000000790300000000002               01790       10061100000000030000000000012N310511000000000000000100000000000000000000000000000000000000000000000209527407000146NOVA OLYMPIA PROMOÇÃO DE EVENTOS LTDA   Rua Tagipuru,795                                    01156000                                                            000007
1                   000902692011248461-791                    0000000000000000791100000000002               01791       10061100000000203060000000012N310511000000000000000680000000000000000000000000000000000000000000000209016632000118TORI BY LAVITA CONFECCOES DE ROUPAS LTDARua Casimiro de Abreu ,357                          03013001                                                            000008
1                   000902692011248461-792                    0000000000000000792P00000000002               01792       10061100000000143000000000012N310511000000000000000480000000000000000000000000000000000000000000000100002191236839ALFREDO NUNES DA SILVA                  Rua Miranda Jordão,506                              03372050                                                            000009
9                                                                                                                                                                                                                                                                                                                                                                                                         000010