01REMESSA01COBRANCA       00000000000004130991SISTEMA DE CARTóRIO CERTIDõES 237BRADESCO       020911        MX0000433                                                                                                                                                                                                                                                                                     000001
1                   000902692011248461-1507                   0000000000000001507800000000002               011507      12091100000000278250000000012N010911120000000000000930000000000000000000000000000000000000000000000253283180000122Tesheiner Cavassani e Giacomazi AdvogadoRua João Adolfo,118-Conj. 405                       01050020                                                            000002
1                   000902692011248461-1508                   0000000000000001508600000000002               011508      12091100000000381430000000012N010911120000000000001270000000000000000000000000000000000000000000000253283180000122Tesheiner Cavassani e Giacomazi AdvogadoRua João Adolfo,118-Conj. 405                       01050020                                                            000003
1                   000902692011248461-1509                   0000000000000001509400000000002               011509      12091100000000740060000000012N010911120000000000002470000000000000000000000000000000000000000000000253283180000122Tesheiner Cavassani e Giacomazi AdvogadoRua João Adolfo,118-Conj. 405                       01050020                                                            000004
1                   000902692011248461-1510                   0000000000000001510800000000002               011510      12091100000000348090000000012N010911120000000000001160000000000000000000000000000000000000000000000253283180000122Tesheiner Cavassani e Giacomazi AdvogadoRua João Adolfo,118-Conj. 405                       01050020                                                            000005
1                   000902692011248461-1511                   0000000000000001511600000000002               011511      12091100000000100000000000012N010911120000000000000330000000000000000000000000000000000000000000000253283180000122Tesheiner Cavassani e Giacomazi AdvogadoRua João Adolfo,118-Conj. 405                       01050020                                                            000006
1                   000902692011248461-1512                   0000000000000001512400000000002               011512      11091100000000155000000000012N010911120000000000000520000000000000000000000000000000000000000000000100010194727823MARCELO CELESTINO DA SILVA              Rua Capitão José Cerqueira Leite,00188              05888020                                                            000007
1                   000902692011248461-1513                   0000000000000001513200000000002               011513      12091100000000179000000000012N010911120000000000000600000000000000000000000000000000000000000000000100003365530800JOSÉ CARLOS DE SOUZA LIMA               Rua Wanderley I,1250                                05011001                                                            000008
1                   000902692011248461-1514                   0000000000000001514000000000002               011514      12091100000000076000000000012N010911120000000000000250000000000000000000000000000000000000000000000200360305267887104 Caixa Econômica Federal             Rua São Joaquim,,69-5º andar                        01508000                                                            000009
1                   000902692011248461-1515                   0000000000000001515900000000002               011515      12091100000000240000000000012N010911120000000000000800000000000000000000000000000000000000000000000200360305413530104 Caixa Econômica Federal             Avenida Guarapiranga,,752                           04762001                                                            000010
1                   000902692011248461-1516                   0000000000000001516700000000002               011516      12091100000000152000000000012N010911120000000000000510000000000000000000000000000000000000000000000200360305267887104 Caixa Econômica Federal             Rua São Joaquim,,69-5º andar                        01508000                                                            000011
1                   000902692011248461-1517                   0000000000000001517500000000002               011517      12091100000000200000000000012N010911120000000000000670000000000000000000000000000000000000000000000217184037010506389 Banco Mercantil do Brasil S.A.      Avenida Paulista ,923                               01311100                                                            000012
1                   000902692011248461-1518                   0000000000000001518300000000002               011518      12091100000000115000000000012N010911120000000000000380000000000000000000000000000000000000000000000209263012000183Fundo de Investimento em Direitos CreditAvenida Paulista ,1499-19º. Andar                   01311200                                                            000013
1                   000902692011248461-1519                   0000000000000001519100000000002               011519      12091100000000840000000000012N010911120000000000002800000000000000000000000000000000000000000000000209263012000183Fundo de Investimento em Direitos CreditAvenida Paulista ,1499-19º. Andar                   01311200                                                            000014
1                   000902692011248461-1520                   0000000000000001520500000000002               011520      12091100000000050000000000012N010911120000000000000170000000000000000000000000000000000000000000000208679884000164FARES HALABIYAH JUNIOR - ME             Rua Itinguçu ,2413                                  03658001                                                            000015
1                   000902692011248461-1521                   0000000000000001521300000000002               011521      12091100000000115000000000012N010911120000000000000380000000000000000000000000000000000000000000000253283180000122Tesheiner Cavassani e Giacomazi AdvogadoRua João Adolfo,118-Conj. 405                       01050020                                                            000016
1                   000902692011248461-1522                   0000000000000001522100000000002               011522      19091100000000360030000000012N010911120000000000001200000000000000000000000000000000000000000000000233479023000180CITIBANK RISK MANAGEMENT                Avenida Paulista, nº 1.111, 2º andar,1.1            01311920                                                            000017
1                   000902692011248461-1523                   0000000000000001523P00000000002               011523      12091100000000100000000000012N010911120000000000000330000000000000000000000000000000000000000000000201190978000126ITALIA COMERCIAL TEXTIL LTDA ME         Rua Almirante Barroso ,308                          03025000                                                            000018
1                   000902692011248461-1524                   0000000000000001524800000000002               011524      12091100000000177000000000012N010911120000000000000590000000000000000000000000000000000000000000000253283180000122Tesheiner Cavassani e Giacomazi AdvogadoRua João Adolfo,118-Conj. 405                       01050020                                                            000019
1                   000902692011248461-1492                   0000000000000001492600000000002               311492      16091100000001000000000000012N260811120000000000010000000000000000000000000000000000000000000000000233479023000180BANCO CITIBANK S.A                      Avenida Paulista, nº 1.111, 2º andar,1.1            01311920                                                            000020
1                   000902692011248461-1492                   0000000000000001492600000000002               061492      16091100000001000000000000012N260811120000000000010000000000000000000000000000000000000000000000000233479023000180BANCO CITIBANK S.A                      Avenida Paulista, nº 1.111, 2º andar,1.1            01311920                                                            000021
9                                                                                                                                                                                                                                                                                                                                                                                                         000022