01REMESSA01COBRANCA       00000000000004130991SISTEMA DE CARTóRIO CERTIDõES 237BRADESCO       020611        MX0000377                                                                                                                                                                                                                                                                                     000001
1                   000902692011248461-794                    0000000000000000794600000000002               01794       13061100000000050000000000012N010611000000000000000170000000000000000000000000000000000000000000000100061690368853Paulo Ponzetta                          Rua José Bonifácio ,278                             01003000                                                            000002
1                   000902692011248461-795                    0000000000000000795400000000002               01795       11061100000000090000000000012N010611000000000000000300000000000000000000000000000000000000000000000100099177307887APARECIDA RECIGUIEL MARQUES             Rua Júlio Antônio Conde,222                         09321350                                                            000003
1                   000902692011248461-796                    0000000000000000796200000000002               01796       08061100000000012930000000012N010611000000000000000040000000000000000000000000000000000000000000000111818583000189MARCIA JERONYMA DE MORAES LOPES         Av. Nossa Sra. Auxiliadora,S/N-Quadra 09            74980080Protesto após 5 dias                                        000004
1                   000902692011248461-797                    0000000000000000797000000000002               01797       08061100000000008000000000012N010611000000000000000030000000000000000000000000000000000000000000000111838860000115M.L. CARDOSO - PRESTAÇÃO DE SERVIÇOS - ERua Luiz Pereira Barreto,304                        16010320Protesto após 5 dias                                        000005
1                   000902692011248461-798                    0000000000000000798900000000002               01798       08061100000000089140000000012N010611000000000000000300000000000000000000000000000000000000000000000113321680000197Ana Claudia Barbiere Alves Ferreira     Rua São Bento,1688                                  14801300Protesto após 5 dias                                        000006
1                   000902692011248461-799                    0000000000000000799700000000002               01799       08061100000000007400000000012N010611000000000000000020000000000000000000000000000000000000000000000113078931000154Camargo & Oliveira Assessoria CartoráriaRua Santos Dumont,219                               14300000Protesto após 5 dias                                        000007
1                   000902692011248461-800                    0000000000000000800400000000002               01800       08061100000000379200000000012N010611000000000000001260000000000000000000000000000000000000000000000111864024000105AGICART - SERVIÇOS DOCUMENTALISTAS INTERRua Afonso Pena,5-47                                17060250Protesto após 5 dias                                        000008
1                   000902692011248461-801                    0000000000000000801200000000002               01801       08061100000000056950000000012N010611000000000000000190000000000000000000000000000000000000000000000111564744000155SARAIVA´S CONSULTORIA EMPRESARIAL LTDA  Rua Prefeito José Santana Trigueiro,183             32604188Protesto após 5 dias                                        000009
1                   000902692011248461-802                    0000000000000000802000000000002               01802       08061100000002000000000000012N010611000000000000006670000000000000000000000000000000000000000000000112196193000187BR ASSESSORIA CARTORARIA LTDA           CLSW,101-Bloco C, Loja 73                           70670503Protesto após 5 dias                                        000010
1                   000902692011248461-803                    0000000000000000803900000000002               01803       08061100000001500000000000012N010611000000000000005000000000000000000000000000000000000000000000000111218990000155MARQUES & MARTINS SERVIÇOS LTDA - ME    Av. Gal. Flores da Cunha,393-Loja 01                94910000Protesto após 5 dias                                        000011
1                   000902692011248461-804                    0000000000000000804700000000002               01804       08061100000000557030000000012N010611000000000000001860000000000000000000000000000000000000000000000111067223000192REIS & CONDE LTDA                       R. Dr. Antônio Alvares Lobo,226                     13020110Protesto após 5 dias                                        000012
1                   000902692011248461-805                    0000000000000000805500000000002               01805       08061100000000010500000000012N010611000000000000000040000000000000000000000000000000000000000000000113192551000146Cartório Postal - Capivari - SP         Rua Padre Fabiano,637-Sala 03                       13360000Protesto após 5 dias                                        000013
1                   000902692011248461-806                    0000000000000000806300000000002               01806       08061100000000075000000000012N010611000000000000000250000000000000000000000000000000000000000000000111198466000160GOMES & KUNCEVICIUS LTDA ME             Rua Prisciliana de Castilho,374-Sala 06             11660330Protesto após 5 dias                                        000014
1                   000902692011248461-807                    0000000000000000807100000000002               01807       08061100000000024650000000012N010611000000000000000080000000000000000000000000000000000000000000000111569240000128FLECK ASSESSORIA ADMINISTRATIVA LTDA    Avenida Tancredo Neves,385                          85805000Protesto após 5 dias                                        000015
1                   000902692011248461-808                    0000000000000000808P00000000002               01808       08061100000000033910000000012N010611000000000000000110000000000000000000000000000000000000000000000111338377000171VIVIANE COSSARI - ME                    Rua Alagoas,137                                     15800090Protesto após 5 dias                                        000016
1                   000902692011248461-809                    0000000000000000809800000000002               01809       08061100000000228300000000012N010611000000000000000760000000000000000000000000000000000000000000000111245100000102MC PRESTADORA DE SERVIÇOS ADMINISTRATIVORua Marechal José B. Bormann,164 E-Sala             89802120Protesto após 5 dias                                        000017
1                   000902692011248461-810                    0000000000000000810100000000002               01810       08061100000000035660000000012N010611000000000000000120000000000000000000000000000000000000000000000112818673000132ADRIANA JUSSARA BENDER - ME             Rua Comandante Costa,718                            78020400Protesto após 5 dias                                        000018
1                   000902692011248461-811                    0000000000000000811P00000000002               01811       08061100000000009390000000012N010611000000000000000030000000000000000000000000000000000000000000000112655472000161CURITIBA ASSESSORIA CARTORARIA LTDA     Rua Tibagi,506                                      80060110Protesto após 5 dias                                        000019
1                   000902692011248461-812                    0000000000000000812800000000002               01812       08061100000000142200000000012N010611000000000000000470000000000000000000000000000000000000000000000112632803000148RUBIANA SERVIÇOS DE CARTORIO, CERTIDÕES Rua das Esmeraldas,186                              09920520Protesto após 5 dias                                        000020
1                   000902692011248461-813                    0000000000000000813600000000002               01813       08061100000000017000000000012N010611000000000000000060000000000000000000000000000000000000000000000112349493000159CAVALHEIRO ZANCHETA ASSESSORIA CARTORÁRIRua Onofre Pereira de Matos,1722-Centro             79802010Protesto após 5 dias                                        000021
1                   000902692011248461-814                    0000000000000000814400000000002               01814       08061100000000121050000000012N010611000000000000000400000000000000000000000000000000000000000000000108289469000102RGC SERVIÇOS E CONSULTORIA LTDA         Av. Barão de Cotegipe,1088-Sala 100                 44001170Protesto após 5 dias                                        000022
1                   000902692011248461-815                    0000000000000000815200000000002               01815       08061100000000707550000000012N010611000000000000002360000000000000000000000000000000000000000000000110946715000195BASA SERVICOS EM CARTORIOS LTDA - ME    R. Luiz Faccine,404                                 07110000Protesto após 5 dias                                        000023
1                   000902692011248461-816                    0000000000000000816000000000002               01816       08061100000000036000000000012N010611000000000000000120000000000000000000000000000000000000000000000112498961000157HANNAH ASSESSORIA CARTORÁRIA LTDA       Rua Visconde de Mauá,208-Térreo                     45653260Protesto após 5 dias                                        000024
1                   000902692011248461-817                    0000000000000000817900000000002               01817       08061100000000223230000000012N010611000000000000000740000000000000000000000000000000000000000000000112162069000109GODOI & GODOY ASSESSORIA CARTORARIA LTDAAv. Francisco de Paula Leite,1699                   13344325Protesto após 5 dias                                        000025
1                   000902692011248461-818                    0000000000000000818700000000002               01818       08061100000000700000000000012N010611000000000000002330000000000000000000000000000000000000000000000112354736000147SANTOS HAVELANGE ASSESSORIA CARTORÁRIA LRua Adolfo Maron,28-ANDAR 1                         45600002Protesto após 5 dias                                        000026
1                   000902692011248461-819                    0000000000000000819500000000002               01819       08061100000000023140000000012N010611000000000000000080000000000000000000000000000000000000000000000102248702000114MOURA E MENEZES SERVIÇOS ADMINISTRATIVOSRua Dr. Curvelo Cavalcante,189-Loja 315             23810300Protesto após 5 dias                                        000027
1                   000902692011248461-820                    0000000000000000820900000000002               01820       08061100000000018000000000012N010611000000000000000060000000000000000000000000000000000000000000000113287999000143ASSESSORIA CARTORÁRIA CARMO E PÁDUA LTDAAv. Cardoso Moreira,431-Loja 11                     28300000Protesto após 5 dias                                        000028
1                   000902692011248461-821                    0000000000000000821700000000002               01821       08061100000000229650000000012N010611000000000000000770000000000000000000000000000000000000000000000112443155000181ASSESSORIA E CONSULTORIA CARTORARIA DE DRua Santa Cruz,652                                  13300090Protesto após 5 dias                                        000029
1                   000902692011248461-822                    0000000000000000822500000000002               01822       08061100000000210760000000012N010611000000000000000700000000000000000000000000000000000000000000000111455316000194POSTAL JARAGUÁ LTDA                     Rua Reinoldo Rauf,60-Sala 02 | Ed. Marke            89251600Protesto após 5 dias                                        000030
1                   000902692011248461-823                    0000000000000000823300000000002               01823       08061100000000096470000000012N010611000000000000000320000000000000000000000000000000000000000000000112572498000146Alphacentral Documentos e Serviços LTDA Rua Zacarias de Goes,285                            13201800Protesto após 5 dias                                        000031
1                   000902692011248461-824                    0000000000000000824100000000002               01824       08061100000001500000000000012N010611000000000000005000000000000000000000000000000000000000000000000111425648000126D. QUADRO SISTEMAS DECUMENTAIS LTDA     Av. Senador Alberto Pasqualini,151-Sala             95900000Protesto após 5 dias                                        000032
1                   000902692011248461-825                    0000000000000000825P00000000002               01825       08061100000000021370000000012N0106110000000000000000700000000000000000000000000000000000000000000001112843480001743G7 ASSESSORIA E ORGANIZAÇÃO DE DOCUMENTRua Goiás,1332                                      86020410Protesto após 5 dias                                        000033
1                   000902692011248461-826                    0000000000000000826800000000002               01826       08061100000000018700000000012N010611000000000000000060000000000000000000000000000000000000000000000111619454000161ASSESSORIA CARTORÁRIA DO NORDESTE LTDA  Av. Moreira e Silva,821A                            57051500Protesto após 5 dias                                        000034
1                   000902692011248461-827                    0000000000000000827600000000002               01827       08061100000000124200000000012N010611000000000000000410000000000000000000000000000000000000000000000111222886000134ELIDA ASSESSORIA EMPRESARIAL LTDA       R. Neo Alves Martins,2955-Sala 03                   87013060Protesto após 5 dias                                        000035
1                   000902692011248461-828                    0000000000000000828400000000002               01828       08061100000000020990000000012N010611000000000000000070000000000000000000000000000000000000000000000112837049000182TOWER NITEROI SERVIÇOS DE CARTÓRIO E CERRua Visconde de Sepetiba,935-Loja 134               24020206Protesto após 5 dias                                        000036
1                   000902692011248461-829                    0000000000000000829200000000002               01829       08061100000001500000000000012N010611000000000000005000000000000000000000000000000000000000000000000111253122000106AA ASSESSORIA & SERVIÇOS EMPRESARIAIS LTRua São João,454                                    15400000Protesto após 5 dias                                        000037
1                   000902692011248461-830                    0000000000000000830600000000002               01830       08061100000000223600000000012N010611000000000000000750000000000000000000000000000000000000000000000113133167000172MONARO & FRANCO SERVIÇOS ORGANIZACIONAISRua dos Marianos,132                                06016050Protesto após 5 dias                                        000038
1                   000902692011248461-831                    0000000000000000831400000000002               01831       08061100000000316750000000012N010611000000000000001060000000000000000000000000000000000000000000000111253279000131ANDRIETTA & PIVA LTDA                   R. Gov. Pedro de Toledo,569                         13400070Protesto após 5 dias                                        000039
1                   000902692011248461-832                    0000000000000000832200000000002               01832       08061100000000283580000000012N010611000000000000000950000000000000000000000000000000000000000000000106058057000128CTPOST SERVIÇOS LTDA ME                 Rua Dr. Flores,263/503                              90020122Protesto após 5 dias                                        000040
1                   000902692011248461-833                    0000000000000000833000000000002               01833       08061100000000038590000000012N010611000000000000000130000000000000000000000000000000000000000000000112462165000164Viviane Aparecida Henriques - EPP       Rua Rui Barbosa,164                                 19010260Protesto após 5 dias                                        000041
1                   000902692011248461-834                    0000000000000000834900000000002               01834       08061100000000226990000000012N010611000000000000000760000000000000000000000000000000000000000000000111144435000126PATRÍCIO DOCUMENTOS CARTORARIOS LTDA ME R. da Assembléia,10-Lj. Subsl. 112                  20011000Protesto após 5 dias                                        000042
1                   000902692011248461-835                    0000000000000000835700000000002               01835       08061100000000008690000000012N010611000000000000000030000000000000000000000000000000000000000000000111777632000182CFN ASSESSORIA EM DOCUMENTOS LTDA       R Prefeito Carlos José Carlson,226-CJ 01            09450000Protesto após 5 dias                                        000043
1                   000902692011248461-836                    0000000000000000836500000000002               01836       08061100000001500000000000012N010611000000000000005000000000000000000000000000000000000000000000000111419746000150AMA - ESTRUTURA CARTORAL LTDA - EPP     R. das Alfazemas,752-Loja 01 e 28 Shoppi            41820710Protesto após 5 dias                                        000044
1                   000902692011248461-837                    0000000000000000837300000000002               01837       08061100000000045730000000012N010611000000000000000150000000000000000000000000000000000000000000000113098867000173ROMI & ZANATTA LTDA - ME                Rua Floriano Peixoto,692                            13450023Protesto após 5 dias                                        000045
1                   000902692011248461-838                    0000000000000000838100000000002               01838       08061100000000270280000000012N010611000000000000000900000000000000000000000000000000000000000000000108854020000131M.V. FRANZOSO – SOLUCOES EMPRESARIAIS – Rua Rio Branco,483                                  09710090Protesto após 5 dias                                        000046
1                   000902692011248461-839                    0000000000000000839P00000000002               01839       08061100000000116000000000012N010611000000000000000390000000000000000000000000000000000000000000000111495482000114CATARINENSE ASSESSORIA CARTORÁRIA LTDA  Rua Antônio Scherer,465-Loja 3                      88102090Protesto após 5 dias                                        000047
1                   000902692011248461-840                    0000000000000000840300000000002               01840       08061100000003593520000000012N010611000000000000011980000000000000000000000000000000000000000000000110906064000100MAIA SERVIÇOS ADMINISTRATIVOS LTDA      Rua Bernardino de Campos,3180-Loja 04 Ga            15015300Protesto após 5 dias                                        000048
1                   000902692011248461-841                    0000000000000000841100000000002               01841       08061100000000834400000000012N010611000000000000002780000000000000000000000000000000000000000000000111165549000152D´ VASQUEZ SERVIÇOS CARTORARIOS LTDA - EAv. Dr. João Guilhermino,293                        12210131Protesto após 5 dias                                        000049
1                   000902692011248461-842                    0000000000000000842P00000000002               01842       08061100000001223710000000012N010611000000000000004080000000000000000000000000000000000000000000000111163439000151RF-SERVICOS DE DOCUMENTACAO LTDA.       Av. Mal. Castelo Branco,173-A                       65076090Protesto após 5 dias                                        000050
1                   000902692011248461-843                    0000000000000000843800000000002               01843       08061100000000011000000000012N010611000000000000000040000000000000000000000000000000000000000000000112027250000102MT ASSESSORIA CARTORARIA LTDA - EPP     Avenida Nossa Senhora Aparecida,918                 14177055Protesto após 5 dias                                        000051
1                   000902692011248461-844                    0000000000000000844600000000002               01844       08061100000001308650000000012N010611000000000000004360000000000000000000000000000000000000000000000110999668000148ASSESSORIA E CONSULTORIA DE DOCUMENTOS ER. Leopoldo Machado,242-Loja 02                     18035075Protesto após 5 dias                                        000052
1                   000902692011248461-845                    0000000000000000845400000000002               01845       08061100000000062760000000012N010611000000000000000210000000000000000000000000000000000000000000000151915072000108Associação Comercial, Industrial e AgropRua Antônio Jorge Chebab,1212                       13170005Protesto após 5 dias                                        000053
1                   000902692011248461-846                    0000000000000000846200000000002               01846       08061100000000477290000000012N010611000000000000001590000000000000000000000000000000000000000000000111029315000188SUZAN CART CERTIDOES LTDA - ME          Rua Gal. Francisco Glicério,1185                    08674003Protesto após 5 dias                                        000054
1                   000902692011248461-847                    0000000000000000847000000000002               01847       08061100000000404020000000012N010611000000000000001350000000000000000000000000000000000000000000000111165549000233D´ VASQUEZ SERVIÇOS CARTORARIOS LTDA EPPRua Coronel Augusto Monteiro,650                    12020160Protesto após 5 dias                                        000055
1                   000902692011248461-848                    0000000000000000848900000000002               01848       08061100000000025100000000012N010611000000000000000080000000000000000000000000000000000000000000000111349928000100MARTINS E AFONSO ASSESSORIA EMPRESARIAL Travessa Ranulfo Feo,71                             25953000Protesto após 5 dias                                        000056
1                   000902692011248461-849                    0000000000000000849700000000002               01849       08061100000000073300000000012N010611000000000000000240000000000000000000000000000000000000000000000110918131000106PROCART - PROCESSOS CARTORAIS LTDA      Rua Primeiro de Janeiro,35-Sala 101                 35180032Protesto após 5 dias                                        000057
1                   000902692011248461-850                    0000000000000000850000000000002               01850       08061100000000648550000000012N010611000000000000002160000000000000000000000000000000000000000000000111834699000101REGIS ORLANDINI ASSESSORIA CARTORARIA LTAv. João Naves de Ávila,81                          38400600Protesto após 5 dias                                        000058
1                   000902692011248461-851                    0000000000000000851900000000002               01851       08061100000000067750000000012N010611000000000000000230000000000000000000000000000000000000000000000113358931000108RAFAELA FALCATO DE OLIVEIRA - EPP       Rua Francisco Glicério,185-Sala 04                  13270200Protesto após 5 dias                                        000059
1                   000902692011248461-852                    0000000000000000852700000000002               01852       08061100000002500000000000012N010611000000000000008330000000000000000000000000000000000000000000000111479061000108ANDRADE SOARES LOPES LTDA               Rua Lehar David,05                                  45000445Protesto após 5 dias                                        000060
9                                                                                                                                                                                                                                                                                                                                                                                                         000061