01REMESSA01COBRANCA       00000000000004130991SISTEMA DE CARTÛRIO CERTIDıES 237BRADESCO       021211        MX0000476                                                                                                                                                                                                                                                                                     000001
1                   000902692011248461-1922                   0000000000000001922700000000002               021922      21101100000000210000000000012N111011120000000000010000000000000000000000000000000000000000000000000209263012000183Fundo de Investimento em Direitos CreditAvenida Paulista ,1499-19∫. Andar                   01311200                                                            000002
1                   000902692011248461-1916                   0000000000000001916200000000002               021916      31101100000000046000000000012N111011120000000000010000000000000000000000000000000000000000000000000209263012000183Fundo de Investimento em Direitos CreditAvenida Paulista ,1499-19∫. Andar                   01311200                                                            000003
1                   000902692011248461-2054                   0000000000000002054300000000002               022054      11111100000000280000000000012N011111120000000000010000000000000000000000000000000000000000000000000209263012000183Fundo de Investimento em Direitos CreditAvenida Paulista ,1499-19∫. Andar                   01311200                                                            000004
1                   000902692011248461-1982                   0000000000000001982000000000002               021982      29111100000000144000000000012N241011120000000000010000000000000000000000000000000000000000000000000209263012000183Fundo de Investimento em Direitos CreditAvenida Paulista,1499-19∫. Andar                    01311200                                                            000005
1                   000902692011248461-1957                   0000000000000001957P00000000002               021957      28101100000000726930000000012N181011120000000000010000000000000000000000000000000000000000000000000201701201000189HSBC Bank Brasil S.A. - Banco Multiplo -Rua Doutor Seidel,n∫ ,425                           05315000                                                            000006
9                                                                                                                                                                                                                                                                                                                                                                                                         000007