01REMESSA01COBRANCA       00000000000004130991SISTEMA DE CARTóRIO CERTIDõES 237BRADESCO       020811        MX0000414                                                                                                                                                                                                                                                                                     000001
1                   000902692011248461-1255                   0000000000000001255900000000002               011255      04081100000012350000000000012N010811000000000000000000000000000000000000000000000000000000000000000100033963375817FELIPE JUNQUEIRA STEFAN                 RUA ALVES GUIMARAES, 385 APTO 63                    05410000                                                            000002
1                   000902692011248461-1256                   0000000000000001256700000000002               011256      05091100000004500000000000012N010811000000000000000000000000000000000000000000000000000000000000000100033963375817FELIPE JUNQUEIRA STEFAN                 RUA ALVES GUIMARAES, 385 APTO 63                    05410000                                                            000003
1                   000902692011248461-1257                   0000000000000001257500000000002               011257      04101100000004000000000000012N010811000000000000000000000000000000000000000000000000000000000000000100033963375817FELIPE JUNQUEIRA STEFAN                 RUA ALVES GUIMARAES, 385 APTO 63                    05410000                                                            000004
1                   000902692011248461-1258                   0000000000000001258300000000002               011258      04111100000003850000000000012N010811000000000000000000000000000000000000000000000000000000000000000100033963375817FELIPE JUNQUEIRA STEFAN                 RUA ALVES GUIMARAES, 385 APTO 63                    05410000                                                            000005
1                   000902692011248461-1259                   0000000000000001259100000000002               011259      04081100000012350000000000012N010811000000000000000000000000000000000000000000000000000000000000000100031273960823GABRIEL MONEGATTI MATTEI                RUA DO SIMBOLO, 380 CASA 05                         05713570                                                            000006
1                   000902692011248461-1260                   0000000000000001260500000000002               011260      05091100000004500000000000012N010811000000000000000000000000000000000000000000000000000000000000000100031273960823GABRIEL MONEGATTI MATTEI                RUA DO SIMBOLO, 380 CASA 05                         05713570                                                            000007
1                   000902692011248461-1261                   0000000000000001261300000000002               011261      04101100000004000000000000012N010811000000000000000000000000000000000000000000000000000000000000000100031273960823GABRIEL MONEGATTI MATTEI                RUA DO SIMBOLO, 380 CASA 05                         05410000                                                            000008
1                   000902692011248461-1262                   0000000000000001262100000000002               011262      04111100000003850000000000012N010811000000000000000000000000000000000000000000000000000000000000000100031273960823GABRIEL MONEGATTI MATTEI                RUA DO SIMBOLO, 380 CASA 05                         05713570                                                            000009
1                   000902692011248461-1263                   0000000000000001263P00000000002               011263      11081100000000480000000000012N010811120000000000001600000000000000000000000000000000000000000000000200360305413530104 Caixa Econômica Federal             Avenida Guarapiranga, ,752                          04762001                                                            000010
1                   000902692011248461-1264                   0000000000000001264800000000002               011264      11081100000000050000000000012N010811120000000000000170000000000000000000000000000000000000000000000209341920000148CPM Braxis BPO Ltda                     Rua Campos Sales ,308                               06401000                                                            000011
1                   000902692011248461-1265                   0000000000000001265600000000002               011265      11081100000000076000000000012N010811120000000000000250000000000000000000000000000000000000000000000200360305267887104 Caixa Econômica Federal             Rua São Joaquim ,69-5º andar                        01508001                                                            000012
1                   000902692011248461-1266                   0000000000000001266400000000002               011266      11081100000000160000000000012N010811120000000000000530000000000000000000000000000000000000000000000208576917000140Recovery do Brasil Gestão de Ativos LtdaAvenida Paulista,1499 – 19º. Andar ,1499            01311200                                                            000013
1                   000902692011248461-1267                   0000000000000001267200000000002               011267      08081100000000115000000000012N010811000000000000000380000000000000000000000000000000000000000000000113293656000191GENESIO VITALINO E ASSESSORIA CARTORARIAAv. Djalma Batista,1905-Lj. 12                      69050010Protesto após 5 dias                                        000014
1                   000902692011248461-1268                   0000000000000001268000000000002               011268      08081100000000016500000000012N010811000000000000000060000000000000000000000000000000000000000000000111838860000115M.L. CARDOSO - PRESTAÇÃO DE SERVIÇOS - ERua Luiz Pereira Barreto,304                        16010320Protesto após 5 dias                                        000015
1                   000902692011248461-1269                   0000000000000001269900000000002               011269      08081100000000089600000000012N010811000000000000000300000000000000000000000000000000000000000000000113321680000197Ana Claudia Barbiere Alves Ferreira - MERua São Bento,1688                                  14801300Protesto após 5 dias                                        000016
1                   000902692011248461-1270                   0000000000000001270200000000002               011270      08081100000000063000000000012N010811000000000000000210000000000000000000000000000000000000000000000111871164000100PANDIN BUENO ASSESSORIA CARTORÁRIA LTDA Rua 20,1014                                         14780070Protesto após 5 dias                                        000017
1                   000902692011248461-1271                   0000000000000001271000000000002               011271      08081100000000014510000000012N010811000000000000000050000000000000000000000000000000000000000000000113078931000154Camargo & Oliveira Assessoria CartoráriaRua Santos Dumont,219                               14300000Protesto após 5 dias                                        000018
1                   000902692011248461-1272                   0000000000000001272900000000002               011272      08081100000000200380000000012N010811000000000000000670000000000000000000000000000000000000000000000111864024000105AGICART - SERVIÇOS DOCUMENTALISTAS INTERRua Afonso Pena,5-47                                17060250Protesto após 5 dias                                        000019
1                   000902692011248461-1273                   0000000000000001273700000000002               011273      08081100000000023310000000012N010811000000000000000080000000000000000000000000000000000000000000000113238744000190ARCHANJO TEIXEIRA PREPARAÇÃO DE DOCUMENTAv. Brasil,1586-Loja 06                             30140003Protesto após 5 dias                                        000020
1                   000902692011248461-1274                   0000000000000001274500000000002               011274      08081100000000032000000000012N010811000000000000000110000000000000000000000000000000000000000000000111564744000155SARAIVA´S CONSULTORIA EMPRESARIAL LTDA  Rua Prefeito José Santana Trigueiro,183             32604188Protesto após 5 dias                                        000021
1                   000902692011248461-1275                   0000000000000001275300000000002               011275      08081100000000172100000000012N010811000000000000000570000000000000000000000000000000000000000000000113619244000107BRAGPOST ASSESSORIA CARTORARIA LTDA     Av. Antonio Pires Pimentel,707                      12914001Protesto após 5 dias                                        000022
1                   000902692011248461-1276                   0000000000000001276100000000002               011276      08081100000000035650000000012N010811000000000000000120000000000000000000000000000000000000000000000112196193000187BR ASSESSORIA CARTORARIA LTDA           CLSW,101-Bloco C, Loja 73                           70670503Protesto após 5 dias                                        000023
1                   000902692011248461-1277                   0000000000000001277P00000000002               011277      08081100000000318830000000012N010811000000000000001060000000000000000000000000000000000000000000000111067223000192REIS & CONDE LTDA                       R. Dr. Antônio Alvares Lobo,226                     13020110Protesto após 5 dias                                        000024
1                   000902692011248461-1278                   0000000000000001278800000000002               011278      08081100000000004000000000012N010811000000000000000010000000000000000000000000000000000000000000000113192551000146SERVICE CART SERVICOS LTDA - ME         Rua Padre Fabiano,637-Sala 03                       13360000Protesto após 5 dias                                        000025
1                   000902692011248461-1279                   0000000000000001279600000000002               011279      08081100000000119750000000012N010811000000000000000400000000000000000000000000000000000000000000000111198466000160GOMES & KUNCEVICIUS LTDA ME             Rua Prisciliana de Castilho,374-Sala 06             11660330Protesto após 5 dias                                        000026
1                   000902692011248461-1280                   0000000000000001280P00000000002               011280      08081100000000021620000000012N010811000000000000000070000000000000000000000000000000000000000000000111569240000128FLECK ASSESSORIA ADMINISTRATIVA LTDA    Avenida Tancredo Neves,385                          85805000Protesto após 5 dias                                        000027
1                   000902692011248461-1281                   0000000000000001281800000000002               011281      08081100000000257710000000012N010811000000000000000860000000000000000000000000000000000000000000000112761154000185MC PRESTADORA DE SERVIÇOS ADMINISTRATIVORua Marechal José B. Bormann,164 E-Sala             89802120Protesto após 5 dias                                        000028
1                   000902692011248461-1282                   0000000000000001282600000000002               011282      08081100000000003420000000012N010811000000000000000010000000000000000000000000000000000000000000000112655472000161CURITIBA ASSESSORIA CARTORARIA LTDA     Rua Tibagi,506                                      80060110Protesto após 5 dias                                        000029
1                   000902692011248461-1283                   0000000000000001283400000000002               011283      08081100000000211980000000012N010811000000000000000710000000000000000000000000000000000000000000000112632803000148RUBIANA SERVIÇOS DE CARTORIO, CERTIDÕES Rua das Esmeraldas,186                              09920520Protesto após 5 dias                                        000030
1                   000902692011248461-1284                   0000000000000001284200000000002               011284      08081100000000029000000000012N010811000000000000000100000000000000000000000000000000000000000000000112349493000159CAVALHEIRO ZANCHETA ASSESSORIA CARTORÁRIRua Onofre Pereira de Matos,1722-Centro             79802010Protesto após 5 dias                                        000031
1                   000902692011248461-1285                   0000000000000001285000000000002               011285      08081100000000080450000000012N010811000000000000000270000000000000000000000000000000000000000000000108289469000102RGC SERVIÇOS E CONSULTORIA LTDA         Av. Barão de Cotegipe,1088-Sala 100                 44001170Protesto após 5 dias                                        000032
1                   000902692011248461-1286                   0000000000000001286900000000002               011286      08081100000000007740000000012N010811000000000000000030000000000000000000000000000000000000000000000113417036000117ASSESSORIA CARTORARIA HORTOLANDIA LTDA  Rua João Camilo de Camargo,289                      13184290Protesto após 5 dias                                        000033
1                   000902692011248461-1287                   0000000000000001287700000000002               011287      08081100000000053500000000012N010811000000000000000180000000000000000000000000000000000000000000000112498961000157HANNAH ASSESSORIA CARTORÁRIA LTDA       Rua Visconde de Mauá,208-Térreo                     45653260Protesto após 5 dias                                        000034
1                   000902692011248461-1288                   0000000000000001288500000000002               011288      08081100000000130100000000012N010811000000000000000430000000000000000000000000000000000000000000000112162069000109GODOI & GODOY ASSESSORIA CARTORARIA LTDAAv. Francisco de Paula Leite,1699                   13344325Protesto após 5 dias                                        000035
1                   000902692011248461-1289                   0000000000000001289300000000002               011289      08081100000001000000000000012N010811000000000000003330000000000000000000000000000000000000000000000112354736000147SANTOS HAVELANGE ASSESSORIA CARTORÁRIA LRua Adolfo Maron,28-ANDAR 1                         45600002Protesto após 5 dias                                        000036
1                   000902692011248461-1290                   0000000000000001290700000000002               011290      08081100000000267250000000012N010811000000000000000890000000000000000000000000000000000000000000000102248702000114MOURA E MENEZES SERVIÇOS ADMINISTRATIVOSRua Dr. Curvelo Cavalcante,189-Loja 315             23810300Protesto após 5 dias                                        000037
1                   000902692011248461-1291                   0000000000000001291500000000002               011291      08081100000000030500000000012N010811000000000000000100000000000000000000000000000000000000000000000113287999000143ASSESSORIA CARTORÁRIA CARMO E PÁDUA LTDAAv. Cardoso Moreira,431-Loja 11                     28300000Protesto após 5 dias                                        000038
1                   000902692011248461-1292                   0000000000000001292300000000002               011292      08081100000000081750000000012N010811000000000000000270000000000000000000000000000000000000000000000112443155000181ASSESSORIA E CONSULTORIA CARTORARIA DE DRua Santa Cruz,652                                  13300090Protesto após 5 dias                                        000039
1                   000902692011248461-1293                   0000000000000001293100000000002               011293      08081100000000029350000000012N010811000000000000000100000000000000000000000000000000000000000000000113565373000151ALMEIDA SOUZA & VASQUEZ - APOIO ADMINISTAv. Bernardino de Campos,174                        12308010Protesto após 5 dias                                        000040
1                   000902692011248461-1294                   0000000000000001294P00000000002               011294      08081100000000012750000000012N010811000000000000000040000000000000000000000000000000000000000000000112139078000170RW MARIZ ESTRUTURA CARTORAL LTDA        Av Epitácio Pessoa,475-Sala 05                      58030906Protesto após 5 dias                                        000041
1                   000902692011248461-1295                   0000000000000001295800000000002               011295      08081100000000116430000000012N010811000000000000000390000000000000000000000000000000000000000000000112572498000146Alphacentral Documentos e Serviços LTDA Rua Zacarias de Goes,285                            13201800Protesto após 5 dias                                        000042
1                   000902692011248461-1296                   0000000000000001296600000000002               011296      08081100000000262820000000012N0108110000000000000008800000000000000000000000000000000000000000000001112843480001743G7 ASSESSORIA E ORGANIZAÇÃO DE DOCUMENTRua Goiás,1332                                      86020410Protesto após 5 dias                                        000043
1                   000902692011248461-1297                   0000000000000001297400000000002               011297      08081100000000005000000000012N010811000000000000000020000000000000000000000000000000000000000000000111619454000161ASSESSORIA CARTORÁRIA DO NORDESTE LTDA  Av. Moreira e Silva,821A                            57051500Protesto após 5 dias                                        000044
1                   000902692011248461-1298                   0000000000000001298200000000002               011298      08081100000000150870000000012N010811000000000000000500000000000000000000000000000000000000000000000111222886000134ELIDA ASSESSORIA EMPRESARIAL LTDA       R. Neo Alves Martins,2955-Sala 03                   87013060Protesto após 5 dias                                        000045
1                   000902692011248461-1299                   0000000000000001299000000000002               011299      08081100000000050910000000012N010811000000000000000170000000000000000000000000000000000000000000000112837049000182TOWER NITEROI SERVIÇOS DE CARTÓRIO E CERRua Visconde de Sepetiba,935-Loja 134               24020206Protesto após 5 dias                                        000046
1                   000902692011248461-1300                   0000000000000001300800000000002               011300      08081100000001500000000000012N010811000000000000005000000000000000000000000000000000000000000000000111253122000106AA ASSESSORIA & SERVIÇOS EMPRESARIAIS LTRua São João,454                                    15400000Protesto após 5 dias                                        000047
1                   000902692011248461-1301                   0000000000000001301600000000002               011301      08081100000000219600000000012N010811000000000000000730000000000000000000000000000000000000000000000113133167000172MONARO & FRANCO SERVIÇOS ORGANIZACIONAISRua dos Marianos,132                                06016050Protesto após 5 dias                                        000048
1                   000902692011248461-1302                   0000000000000001302400000000002               011302      08081100000000021650000000012N010811000000000000000070000000000000000000000000000000000000000000000113622593000170VERA & MARIA SERVIÇOS E ASSESSORIA CARTORua Paraná,629                                      19900021Protesto após 5 dias                                        000049
1                   000902692011248461-1303                   0000000000000001303200000000002               011303      08081100000000273980000000012N010811000000000000000910000000000000000000000000000000000000000000000111253279000131ANDRIETTA & PIVA LTDA                   R. Gov. Pedro de Toledo,569                         13400070Protesto após 5 dias                                        000050
1                   000902692011248461-1304                   0000000000000001304000000000002               011304      08081100000000122670000000012N010811000000000000000410000000000000000000000000000000000000000000000106058057000128CTPOST SERVIÇOS LTDA ME                 Rua Dr. Flores,263/503                              90020122Protesto após 5 dias                                        000051
1                   000902692011248461-1305                   0000000000000001305900000000002               011305      08081100000000172580000000012N010811000000000000000580000000000000000000000000000000000000000000000112462165000164Viviane Aparecida Henriques - EPP       Rua Rui Barbosa,164                                 19010260Protesto após 5 dias                                        000052
1                   000902692011248461-1306                   0000000000000001306700000000002               011306      08081100000000005250000000012N010811000000000000000020000000000000000000000000000000000000000000000111619454000161ASSESSORIA CARTORÁRIA DO NORDESTE LTDA  Rua Maria Carolina,205-Galeria Guararape            51020220Protesto após 5 dias                                        000053
1                   000902692011248461-1307                   0000000000000001307500000000002               011307      08081100000000163380000000012N010811000000000000000540000000000000000000000000000000000000000000000111675298000156MORANDO & MORANDO SERVIÇOS TRANSCRIÇÃO DRua Tibiriçá,189                                    14010090Protesto após 5 dias                                        000054
1                   000902692011248461-1308                   0000000000000001308300000000002               011308      08081100000000048160000000012N010811000000000000000160000000000000000000000000000000000000000000000111144435000126PATRÍCIO DOCUMENTOS CARTORARIOS LTDA ME R. da Assembléia,10-Lj. Subsl. 112                  20011000Protesto após 5 dias                                        000055
1                   000902692011248461-1309                   0000000000000001309100000000002               011309      08081100000000084330000000012N010811000000000000000280000000000000000000000000000000000000000000000113350598000190CP SERVIÇOS ADMINISTRATIVO LTDA - ME    Rua Arnaldo Estevão de Figueiredo,640               78700150Protesto após 5 dias                                        000056
1                   000902692011248461-1310                   0000000000000001310500000000002               011310      08081100000000044100000000012N010811000000000000000150000000000000000000000000000000000000000000000113576355000175NELSON CARLOS LEME                      Rua 9 de Julho,696                                  13320005Protesto após 5 dias                                        000057
1                   000902692011248461-1311                   0000000000000001311300000000002               011311      08081100000001500000000000012N010811000000000000005000000000000000000000000000000000000000000000000111419746000150AMA - ESTRUTURA CARTORAL LTDA - EPP     R. das Alfazemas,752-Loja 01 e 28 Shoppi            41820710Protesto após 5 dias                                        000058
1                   000902692011248461-1312                   0000000000000001312100000000002               011312      08081100000000113830000000012N010811000000000000000380000000000000000000000000000000000000000000000113098867000173ROMI & ZANATTA LTDA - ME                Rua Floriano Peixoto,692                            13450023Protesto após 5 dias                                        000059
1                   000902692011248461-1313                   0000000000000001313P00000000002               011313      08081100000000195300000000012N010811000000000000000650000000000000000000000000000000000000000000000108854020000131M.V. FRANZOSO – SOLUCOES EMPRESARIAIS – Rua Rio Branco,483                                  09710090Protesto após 5 dias                                        000060
1                   000902692011248461-1314                   0000000000000001314800000000002               011314      08081100000000064150000000012N010811000000000000000210000000000000000000000000000000000000000000000113433192000171CONSULT SERVICE ASSESSORIA CARTORÁRIA LTRua Episcopal,1714-Loja 02                          13560570Protesto após 5 dias                                        000061
1                   000902692011248461-1315                   0000000000000001315600000000002               011315      08081100000000265430000000012N010811000000000000000880000000000000000000000000000000000000000000000111495482000114CATARINENSE ASSESSORIA CARTORÁRIA LTDA  Rua Antônio Scherer,465-Loja 3                      88102090Protesto após 5 dias                                        000062
1                   000902692011248461-1316                   0000000000000001316400000000002               011316      08081100000003453560000000012N010811000000000000011510000000000000000000000000000000000000000000000110906064000100MAIA SERVIÇOS ADMINISTRATIVOS LTDA      Rua Bernardino de Campos,3180-Loja 04 Ga            15015300Protesto após 5 dias                                        000063
1                   000902692011248461-1317                   0000000000000001317200000000002               011317      08081100000000702720000000012N010811000000000000002340000000000000000000000000000000000000000000000111165549000152D´ VASQUEZ SERVIÇOS CARTORARIOS LTDA - EAv. Dr. João Guilhermino,293                        12210131Protesto após 5 dias                                        000064
1                   000902692011248461-1318                   0000000000000001318000000000002               011318      08081100000001243880000000012N010811000000000000004150000000000000000000000000000000000000000000000111163439000151RF-SERVICOS DE DOCUMENTACAO LTDA.       Av. Mal. Castelo Branco,173-A                       65076090Protesto após 5 dias                                        000065
1                   000902692011248461-1319                   0000000000000001319900000000002               011319      08081100000000362860000000012N010811000000000000001210000000000000000000000000000000000000000000000110999668000148ASSESSORIA E CONSULTORIA DE DOCUMENTOS ER. Leopoldo Machado,242-Loja 02                     18035075Protesto após 5 dias                                        000066
1                   000902692011248461-1320                   0000000000000001320200000000002               011320      08081100000000063050000000012N010811000000000000000210000000000000000000000000000000000000000000000151915072000108Associação Comercial, Industrial e AgropRua Antônio Jorge Chebab,1212                       13170005Protesto após 5 dias                                        000067
1                   000902692011248461-1321                   0000000000000001321000000000002               011321      08081100000000565500000000012N010811000000000000001890000000000000000000000000000000000000000000000111029315000188SUZAN CART CERTIDOES LTDA - ME          Rua Gal. Francisco Glicério,1185                    08674003Protesto após 5 dias                                        000068
1                   000902692011248461-1322                   0000000000000001322900000000002               011322      08081100000000287290000000012N010811000000000000000960000000000000000000000000000000000000000000000111165549000233D´ VASQUEZ SERVIÇOS CARTORARIOS LTDA EPPRua Coronel Augusto Monteiro,650                    12020160Protesto após 5 dias                                        000069
1                   000902692011248461-1323                   0000000000000001323700000000002               011323      08081100000000009380000000012N010811000000000000000030000000000000000000000000000000000000000000000111349928000100MARTINS E AFONSO ASSESSORIA EMPRESARIAL Travessa Ranulfo Feo,71                             25953000Protesto após 5 dias                                        000070
1                   000902692011248461-1324                   0000000000000001324500000000002               011324      08081100000000069500000000012N010811000000000000000230000000000000000000000000000000000000000000000110918131000106PROCART - PROCESSOS CARTORAIS LTDA      Rua Primeiro de Janeiro,35-Sala 101                 35180032Protesto após 5 dias                                        000071
1                   000902692011248461-1325                   0000000000000001325300000000002               011325      08081100000000021060000000012N010811000000000000000070000000000000000000000000000000000000000000000113406670000154RODRIGUES E VIEIRA LTDA.                208 Sul AV. LO 03-LT 11, ED. VITORIA, Sa            77020542Protesto após 5 dias                                        000072
1                   000902692011248461-1326                   0000000000000001326100000000002               011326      08081100000000987740000000012N010811000000000000003290000000000000000000000000000000000000000000000111834699000101REGIS ORLANDINI ASSESSORIA CARTORARIA LTAv. João Naves de Ávila,81                          38400600Protesto após 5 dias                                        000073
1                   000902692011248461-1327                   0000000000000001327P00000000002               011327      08081100000000077440000000012N010811000000000000000260000000000000000000000000000000000000000000000113358931000108RAFAELA FALCATO DE OLIVEIRA - EPP       Rua Antônio Carlos,153-Sala 04                      13270005Protesto após 5 dias                                        000074
1                   000902692011248461-1328                   0000000000000001328800000000002               011328      08081100000000041900000000012N010811000000000000000140000000000000000000000000000000000000000000000113372039000181De Paula & França Serviço Privado de IntAv. Nossa Senhora da Penha,235-Loja 03              29055050Protesto após 5 dias                                        000075
1                   000902692011248461-1329                   0000000000000001329600000000002               011329      08081100000002500000000000012N010811000000000000008330000000000000000000000000000000000000000000000111479061000108ANDRADE SOARES LOPES LTDA               Rua Lehar David,05                                  45000445Protesto após 5 dias                                        000076
1                   000902692011248461-1248                   0000000000000001248600000000002               021248      02081100000024700000000000012N290711000000000000000000000000000000000000000000000000000000000000000100033963375817FELIPE JUNQUEIRA STEFAN                 RUA ALVES GUIMARAES, 385 APTO 63                    05410000                                                            000077
1                   000902692011248461-1249                   0000000000000001249400000000002               021249      02091100000009000000000000012N290711000000000000000000000000000000000000000000000000000000000000000100033963375817FELIPE JUNQUEIRA STEFAN                 RUA ALVES GUIMARAES, 385 APTO 63                    05410000                                                            000078
1                   000902692011248461-1250                   0000000000000001250800000000002               021250      02101100000008000000000000012N290711000000000000000000000000000000000000000000000000000000000000000100033963375817FELIPE JUNQUEIRA STEFAN                 RUA ALVES GUIMARAES, 385 APTO 63                    05410000                                                            000079
1                   000902692011248461-1251                   0000000000000001251600000000002               021251      02111100000007700000000000012N290711000000000000000000000000000000000000000000000000000000000000000100033963375817FELIPE JUNQUEIRA STEFAN                 RUA ALVES GUIMARAES, 385 APTO 63                    05410000                                                            000080
9                                                                                                                                                                                                                                                                                                                                                                                                         000081