01REMESSA01COBRANCA       00000000000004130991SISTEMA DE CARTóRIO CERTIDõES 237BRADESCO       020412        MX0000517                                                                                                                                                                                                                                                                                     000001
1                   000902692011248461-3301                   0000000000000003301700000000002               013301      09041200000000192000000000012N300312120000000000000640000000000000000000000000000000000000000000000203513451000110NERONE DO BRASIL CIA. Securitizadora de Avenida Paulista,726-Sala 1410 - 14º and            01310100                                                            000002
1                   000902692011248461-3302                   0000000000000003302500000000002               013302      12041200000000152000000000012N020412120000000000000510000000000000000000000000000000000000000000000209263012000183Fundo de Investimento em Direitos CreditAvenida Paulista ,1499-19º. Andar                   01311200                                                            000003
1                   000902692011248461-3303                   0000000000000003303300000000002               013303      11041200000000435380000000012N0204120000000000000000000000000000000000000000000000000000000000000002000000005070911 Banco do Brasil S.A.                  Rua Doutor César, 530 11º andar                     02013002                                                            000004
1                   000902692011248461-3304                   0000000000000003304100000000002               013304      12041200000000195000000000012N020412120000000000000650000000000000000000000000000000000000000000000200360305159723104 Caixa Econômica Federal             Rua Teodoro Sampaio,,429                            05405000                                                            000005
1                   000902692011248461-3305                   0000000000000003305P00000000002               013305      12041200000000195000000000012N020412120000000000000650000000000000000000000000000000000000000000000200360305286245104 Caixa Econômica Federal             Avenida Engenheiro Luiz Carlos Berrini,5            04571000                                                            000006
1                   000902692011248461-3306                   0000000000000003306800000000002               013306      12041200000000195000000000012N020412120000000000000650000000000000000000000000000000000000000000000200360305167904104 Caixa Econômica Federal             Avenida Paulista,302                                01310000                                                            000007
1                   000902692011248461-3307                   0000000000000003307600000000002               013307      12041200000000195000000000012N020412120000000000000650000000000000000000000000000000000000000000000200360305286245104 Caixa Econômica Federal             Avenida Engenheiro Luiz Carlos Berrini,5            04571000                                                            000008
9                                                                                                                                                                                                                                                                                                                                                                                                         000009