01REMESSA01COBRANCA       00000000000004130991SISTEMA DE CARTóRIO CERTIDõES 237BRADESCO       030311        MX0000325                                                                                                                                                                                                                                                                                     000001
1                   000902692011248461-87                     0000000000000000087900000000002               0187        11031100000000180000000000012N010311000000000000010000000000000000000000000000000000000000000000000100018675948891GERALDO ALOISIO BORGES TAVARES          Rua Anatalícia Ferreira Silva (Jd C Líba            04710060                                                            000002
1                   000902692011248461-88                     0000000000000000088700000000002               0188        11031100000000078200000000012N010311000000000000010000000000000000000000000000000000000000000000000208351432000159LIBRO COMPANHIA SECURITIZADORA DE CREDITAvenida Paulista,1499 – 19º. Andar ,1499            01311200                                                            000003
1                   000902692011248461-89                     0000000000000000089500000000002               0189        11031100000000020000000000012N010311000000000000010000000000000000000000000000000000000000000000000206120493000180CONFORMITY ASSESSORIA EM GESTAO EMPRESARRua José Bonifácio,278                              01003000                                                            000004
1                   000902692011248461-90                     0000000000000000090900000000002               0190        11031100000000030000000000012N010311000000000000010000000000000000000000000000000000000000000000000211107402000106MARCONE E MARCELO SERVIÇOS AUTOMOTIVOS LAvenida Ragueb Chohfi,7001                          08371440                                                            000005
1                   000902692011248461-91                     0000000000000000091700000000002               0191        11031100000000200000000000012N010311000000000000010000000000000000000000000000000000000000000000000209313766000109Caruana S/A Sociedade de Credito FinanciAv das Nações Unidas, ,11541-Conj 112               04578000                                                            000006
1                   000902692011248461-92                     0000000000000000092500000000002               0192        11031100000000210000000000012N010311000000000000010000000000000000000000000000000000000000000000000200360305100400104 Caixa Econômica Federal             Rua São Bento, 397  - 1º Andar,397                  01011100                                                            000007
1                   000902692011248461-93                     0000000000000000093300000000002               0193        11031100000000130000000000012N010311000000000000010000000000000000000000000000000000000000000000000260746948150270237 Banco Bradesco S.A.                 Avenida Santos Dumont,230                           07220000                                                            000008
1                   000902692011248461-94                     0000000000000000094100000000002               0194        11031100000000119300000000012N010311000000000000010000000000000000000000000000000000000000000000000200360305267887104 Caixa Econômica Federal             Rua São Joaquim ,69-5º andar                        01508001                                                            000009
1                   000902692011248461-95                     0000000000000000095P00000000002               0195        11031100000000078200000000012N010311000000000000010000000000000000000000000000000000000000000000000200360305267887104 Caixa Econômica Federal             Rua São Joaquim ,69-5º andar                        01508001                                                            000010
1                   000902692011248461-96                     0000000000000000096800000000002               0196        11031100000000029000000000012N010311000000000000010000000000000000000000000000000000000000000000000210377191000169ACM  Legalizações Empresariais Ltda. - MAvenida Capitão Mário Toledo de Camargo,            09170150                                                            000011
1                   000902692011248461-97                     0000000000000000097600000000002               0197        11031100000000098060000000012N010311000000000000010000000000000000000000000000000000000000000000000260746948029870237 Banco Bradesco S.A.                 Avenida Conselheiro Carrão ,3062                    03402003                                                            000012
1                   000902692011248461-98                     0000000000000000098400000000002               0198        08031100000000032580000000012N010311000000000000010000000000000000000000000000000000000000000000000111838860000115M.L. CARDOSO - PRESTAÇÃO DE SERVIÇOS - ERua Luiz Pereira Barreto,304                        16010320Protesto após 5 dias                                        000013
1                   000902692011248461-99                     0000000000000000099200000000002               0199        08031100000000121960000000012N010311000000000000010000000000000000000000000000000000000000000000000111864024000105AGICART - SERVIÇOS DOCUMENTALISTAS INTERRua Afonso Pena,5-47                                17060250Protesto após 5 dias                                        000014
1                   000902692011248461-100                    0000000000000000100P00000000002               01100       08031100000000027000000000012N010311000000000000010000000000000000000000000000000000000000000000000111564744000155SARAIVA´S CONSULTORIA EMPRESARIAL LTDA  Rua Prefeito José Santana Trigueiro,183             32604188Protesto após 5 dias                                        000015
1                   000902692011248461-101                    0000000000000000101800000000002               01101       08031100000002000000000000012N010311000000000000010000000000000000000000000000000000000000000000000112196193000187BR ASSESSORIA CARTORARIA LTDA           CLSW,101-Bloco C, Loja 73                           70670503Protesto após 5 dias                                        000016
1                   000902692011248461-102                    0000000000000000102600000000002               01102       08031100000001500000000000012N010311000000000000010000000000000000000000000000000000000000000000000111218990000155MARQUES & MARTINS SERVIÇOS LTDA - ME    Av. Gal. Flores da Cunha,393-Loja 01                94910000Protesto após 5 dias                                        000017
1                   000902692011248461-103                    0000000000000000103400000000002               01103       08031100000000656570000000012N010311000000000000010000000000000000000000000000000000000000000000000111067223000192REIS & CONDE LTDA                       R. Dr. Antônio Alvares Lobo,226                     13020110Protesto após 5 dias                                        000018
1                   000902692011248461-104                    0000000000000000104200000000002               01104       08031100000000004500000000012N010311000000000000010000000000000000000000000000000000000000000000000111198466000160GOMES & KUNCEVICIUS LTDA ME             Rua Prisciliana de Castilho,374-Sala 06             11660330Protesto após 5 dias                                        000019
1                   000902692011248461-105                    0000000000000000105000000000002               01105       08031100000000006000000000012N010311000000000000010000000000000000000000000000000000000000000000000111569240000128FLECK ASSESSORIA ADMINISTRATIVA LTDA    Avenida Tancredo Neves,385                          85805000Protesto após 5 dias                                        000020
1                   000902692011248461-106                    0000000000000000106900000000002               01106       08031100000000007250000000012N010311000000000000010000000000000000000000000000000000000000000000000111245100000102MC PRESTADORA DE SERVIÇOS ADMINISTRATIVORua Marechal José B. Bormann,164 E-Sala             89802120Protesto após 5 dias                                        000021
1                   000902692011248461-107                    0000000000000000107700000000002               01107       08031100000000021620000000012N010311000000000000010000000000000000000000000000000000000000000000000112655472000161CURITIBA ASSESSORIA CARTORARIA LTDA     Rua Tibagi,506                                      80060110Protesto após 5 dias                                        000022
1                   000902692011248461-108                    0000000000000000108500000000002               01108       08031100000000083280000000012N010311000000000000010000000000000000000000000000000000000000000000000112632803000148RUBIANA SERVIÇOS DE CARTORIO, CERTIDÕES Rua das Esmeraldas,186                              09920520Protesto após 5 dias                                        000023
1                   000902692011248461-109                    0000000000000000109300000000002               01109       08031100000000065500000000012N010311000000000000010000000000000000000000000000000000000000000000000112349493000159CAVALHEIRO ZANCHETA ASSESSORIA CARTORÁRIRua Onofre Pereira de Matos,1722-Centro             79802010Protesto após 5 dias                                        000024
1                   000902692011248461-110                    0000000000000000110700000000002               01110       08031100000000123350000000012N010311000000000000010000000000000000000000000000000000000000000000000108289469000102RGC SERVIÇOS E CONSULTORIA LTDA         Av. Barão de Cotegipe,1088-Sala 100                 44001170Protesto após 5 dias                                        000025
1                   000902692011248461-111                    0000000000000000111500000000002               01111       08031100000000000820000000012N010311000000000000010000000000000000000000000000000000000000000000000111425891000144MHG SERVIÇOS ADMINISTRATIVOS EMPRESAS LTR. T 55,156-Quadra H 23 - Lote 01                   74150320Protesto após 5 dias                                        000026
1                   000902692011248461-112                    0000000000000000112300000000002               01112       08031100000000442200000000012N010311000000000000010000000000000000000000000000000000000000000000000110946715000195BASA SERVICOS EM CARTORIOS LTDA - ME    R. Luiz Faccine,404                                 07110000Protesto após 5 dias                                        000027
1                   000902692011248461-113                    0000000000000000113100000000002               01113       08031100000000037100000000012N010311000000000000010000000000000000000000000000000000000000000000000111296594000146CML - CENTRAL DE MULTISERVIÇOS LTDA     Av. Conde Ribeiro do Valle,302 A                    37800000Protesto após 5 dias                                        000028
1                   000902692011248461-114                    0000000000000000114P00000000002               01114       08031100000000204380000000012N010311000000000000010000000000000000000000000000000000000000000000000112162069000109GODOI & GODOY ASSESSORIA CARTORARIA LTDAAv. Francisco de Paula Leite,1699                   13344325Protesto após 5 dias                                        000029
1                   000902692011248461-115                    0000000000000000115800000000002               01115       08031100000000700000000000012N010311000000000000010000000000000000000000000000000000000000000000000112354736000147SANTOS HAVELANGE ASSESSORIA CARTORÁRIA LRua Adolfo Maron,28-ANDAR 1                         45600002Protesto após 5 dias                                        000030
1                   000902692011248461-116                    0000000000000000116600000000002               01116       08031100000000058300000000012N010311000000000000010000000000000000000000000000000000000000000000000112443155000181ASSESSORIA E CONSULTORIA CARTORARIA DE DRua Santa Cruz,652                                  13300090Protesto após 5 dias                                        000031
1                   000902692011248461-117                    0000000000000000117400000000002               01117       08031100000000119750000000012N010311000000000000010000000000000000000000000000000000000000000000000112572498000146Alphacentral Documentos e Serviços LTDA Rua Zacarias de Goes,285                            13201800Protesto após 5 dias                                        000032
1                   000902692011248461-118                    0000000000000000118200000000002               01118       08031100000001000000000000012N010311000000000000010000000000000000000000000000000000000000000000000111425648000126D. QUADRO SISTEMAS DECUMENTAIS LTDA     Av. Senador Alberto Pasqualini,151-Sala             95900000Protesto após 5 dias                                        000033
1                   000902692011248461-119                    0000000000000000119000000000002               01119       08031100000000009670000000012N0103110000000000000100000000000000000000000000000000000000000000000001112843480001743G7 ASSESSORIA E ORGANIZAÇÃO DE DOCUMENTRua Goiás,1332                                      86020410Protesto após 5 dias                                        000034
1                   000902692011248461-120                    0000000000000000120400000000002               01120       08031100000000016000000000012N010311000000000000010000000000000000000000000000000000000000000000000111619454000161ASSESSORIA CARTORÁRIA DO NORDESTE LTDA  Av. Moreira e Silva,821A                            57051500Protesto após 5 dias                                        000035
1                   000902692011248461-121                    0000000000000000121200000000002               01121       08031100000000107420000000012N010311000000000000010000000000000000000000000000000000000000000000000111222886000134ELIDA ASSESSORIA EMPRESARIAL LTDA       R. Neo Alves Martins,2955-Sala 03                   87013060Protesto após 5 dias                                        000036
1                   000902692011248461-122                    0000000000000000122000000000002               01122       08031100000001500000000000012N010311000000000000010000000000000000000000000000000000000000000000000111253122000106AA ASSESSORIA & SERVIÇOS EMPRESARIAIS LTRua São João,454                                    15400000Protesto após 5 dias                                        000037
1                   000902692011248461-123                    0000000000000000123900000000002               01123       08031100000000182140000000012N010311000000000000010000000000000000000000000000000000000000000000000111253279000131ANDRIETTA & PIVA LTDA                   R. Gov. Pedro de Toledo,569                         13400070Protesto após 5 dias                                        000038
1                   000902692011248461-124                    0000000000000000124700000000002               01124       08031100000000368930000000012N010311000000000000010000000000000000000000000000000000000000000000000106058057000128CTPOST SERVIÇOS LTDA ME                 Rua Dr. Flores,263/503                              90020122Protesto após 5 dias                                        000039
1                   000902692011248461-125                    0000000000000000125500000000002               01125       08031100000000072710000000012N010311000000000000010000000000000000000000000000000000000000000000000112462165000164Viviane Aparecida Henriques - EPP       Rua Rui Barbosa,164                                 19010260Protesto após 5 dias                                        000040
1                   000902692011248461-126                    0000000000000000126300000000002               01126       08031100000000002890000000012N010311000000000000010000000000000000000000000000000000000000000000000100000000000000Cartório Postal - Recife - PE           Rua Maria Carolina,205-Galeria Guararape            51020220Protesto após 5 dias                                        000041
1                   000902692011248461-127                    0000000000000000127100000000002               01127       08031100000000378470000000012N010311000000000000010000000000000000000000000000000000000000000000000111144435000126PATRÍCIO DOCUMENTOS CARTORARIOS LTDA ME R. da Assembléia,10-Lj. Subsl. 112                  20011000Protesto após 5 dias                                        000042
1                   000902692011248461-128                    0000000000000000128P00000000002               01128       08031100000001500000000000012N010311000000000000010000000000000000000000000000000000000000000000000111419746000150AMA - ESTRUTURA CARTORAL LTDA - EPP     R. das Alfazemas,752-Loja 01 e 28 Shoppi            41820710Protesto após 5 dias                                        000043
1                   000902692011248461-129                    0000000000000000129800000000002               01129       08031100000000293480000000012N010311000000000000010000000000000000000000000000000000000000000000000108854020000131M.V. FRANZOSO – SOLUCOES EMPRESARIAIS – Rua Rio Branco,483                                  09710090Protesto após 5 dias                                        000044
1                   000902692011248461-130                    0000000000000000130100000000002               01130       08031100000000204130000000012N010311000000000000010000000000000000000000000000000000000000000000000111495482000114CATARINENSE ASSESSORIA CARTORÁRIA LTDA  Rua Antônio Scherer,465-Loja 3                      88102090Protesto após 5 dias                                        000045
1                   000902692011248461-131                    0000000000000000131P00000000002               01131       08031100000003384190000000012N010311000000000000010000000000000000000000000000000000000000000000000110906064000100MAIA SERVIÇOS ADMINISTRATIVOS LTDA      Rua Bernardino de Campos,3180-Loja 04 Ga            15015300Protesto após 5 dias                                        000046
1                   000902692011248461-132                    0000000000000000132800000000002               01132       08031100000000615510000000012N010311000000000000010000000000000000000000000000000000000000000000000111165549000152D´ VASQUEZ SERVIÇOS CARTORARIOS LTDA - EAv. Dr. João Guilhermino,293                        12210131Protesto após 5 dias                                        000047
1                   000902692011248461-133                    0000000000000000133600000000002               01133       08031100000000792610000000012N010311000000000000010000000000000000000000000000000000000000000000000111163439000151RF-SERVICOS DE DOCUMENTACAO LTDA.       Av. Mal. Castelo Branco,173-A                       65076090Protesto após 5 dias                                        000048
1                   000902692011248461-134                    0000000000000000134400000000002               01134       08031100000000065080000000012N010311000000000000010000000000000000000000000000000000000000000000000112027250000102MT ASSESSORIA CARTORARIA LTDA - EPP     Avenida Nossa Senhora Aparecida,918                 14177055Protesto após 5 dias                                        000049
1                   000902692011248461-135                    0000000000000000135200000000002               01135       08031100000001200000000000012N010311000000000000010000000000000000000000000000000000000000000000000111949163000131GISELLE PASSOS MORAIS ME                Loteamento Encanto das Árvores  ,QD C20,            43700000Protesto após 5 dias                                        000050
1                   000902692011248461-136                    0000000000000000136000000000002               01136       08031100000000284060000000012N010311000000000000010000000000000000000000000000000000000000000000000110999668000148ASSESSORIA E CONSULTORIA DE DOCUMENTOS ER. Leopoldo Machado,242-Loja 02                     18035075Protesto após 5 dias                                        000051
1                   000902692011248461-137                    0000000000000000137900000000002               01137       08031100000000048520000000012N010311000000000000010000000000000000000000000000000000000000000000000151915072000108Associação Comercial, Industrial e AgropRua Antônio Jorge Chebab,1212                       13170005Protesto após 5 dias                                        000052
1                   000902692011248461-138                    0000000000000000138700000000002               01138       08031100000000655700000000012N010311000000000000010000000000000000000000000000000000000000000000000111029315000188SUZAN CART CERTIDOES LTDA - ME          Rua Gal. Francisco Glicério,1185                    08674003Protesto após 5 dias                                        000053
1                   000902692011248461-139                    0000000000000000139500000000002               01139       08031100000000174020000000012N010311000000000000010000000000000000000000000000000000000000000000000111165549000233D´ VASQUEZ SERVIÇOS CARTORARIOS LTDA EPPRua Coronel Augusto Monteiro,650                    12020160Protesto após 5 dias                                        000054
1                   000902692011248461-140                    0000000000000000140900000000002               01140       08031100000000047110000000012N010311000000000000010000000000000000000000000000000000000000000000000111349928000100MARTINS E AFONSO ASSESSORIA EMPRESARIAL Travessa Ranulfo Feo,71                             25953000Protesto após 5 dias                                        000055
1                   000902692011248461-141                    0000000000000000141700000000002               01141       08031100000000059300000000012N010311000000000000010000000000000000000000000000000000000000000000000110918131000106PROCART - PROCESSOS CARTORAIS LTDA      Rua Primeiro de Janeiro,35-Sala 101                 35180032Protesto após 5 dias                                        000056
1                   000902692011248461-142                    0000000000000000142500000000002               01142       08031100000000466380000000012N010311000000000000010000000000000000000000000000000000000000000000000111834699000101REGIS ORLANDINI ASSESSORIA CARTORARIA LTAv. João Naves de Ávila,81                          38400600Protesto após 5 dias                                        000057
1                   000902692011248461-143                    0000000000000000143300000000002               01143       08031100000002000000000000012N010311000000000000010000000000000000000000000000000000000000000000000111479061000108ANDRADE SOARES LOPES LTDA               Rua Lehar David,05                                  45000445Protesto após 5 dias                                        000058
1                   000902692011248461-144                    0000000000000000144100000000002               01144       12031100000000085000000000012N020311000000000000010000000000000000000000000000000000000000000000000203586507000167J. A. Rezende Advogados Associados      Rua: Libero Badaró, ,471-17° ANDAR                  01009903                                                            000059
1                   000902692011248461-145                    0000000000000000145P00000000002               01145       12031100000000234600000000012N020311000000000000010000000000000000000000000000000000000000000000000208351432000159LIBRO COMPANHIA SECURITIZADORA DE CREDITAvenida Paulista,1499 – 19º. Andar ,1499            01311200                                                            000060
1                   000902692011248461-146                    0000000000000000146800000000002               01146       12031100000000156400000000012N020311000000000000010000000000000000000000000000000000000000000000000233479023000180CITIBANK RISK MANAGEMENT                Avenida Paulista, nº 1.111, 2º andar,1.1            01311920                                                            000061
1                   000902692011248461-147                    0000000000000000147600000000002               01147       12031100000000210000000000012N020311000000000000010000000000000000000000000000000000000000000000000200360305401010104 Caixa Econômica Federal             AV INTERLAGOS, 3610,3610                            04660006                                                            000062
1                   000902692011248461-148                    0000000000000000148400000000002               01148       12031100000000059000000000012N020311000000000000010000000000000000000000000000000000000000000000000210377191000169ACM  Legalizações Empresariais Ltda. - MAvenida Capitão Mário Toledo de Camargo,            09170150                                                            000063
1                   000902692011248461-149                    0000000000000000149200000000002               01149       12031100000000135000000000012N020311000000000000010000000000000000000000000000000000000000000000000251757300000150Flytour Travel Solution                 Avenida Juruá,461                                   06455010                                                            000064
1                   000902692011248461-150                    0000000000000000150600000000002               01150       14031100000000090000000000012N030311000000000000010000000000000000000000000000000000000000000000000100091489520872TERUKO SIMABUKURO AGUENA                Rua Durval José de Barros,257                       03508030                                                            000065
1                   000902692011248461-151                    0000000000000000151400000000002               01151       14031100000000179000000000012N030311000000000000010000000000000000000000000000000000000000000000000100035526295800SILVIA LETICIA DOS SANTOS               Rua Pavini,174                                      07192060                                                            000066
1                   000902692011248461-152                    0000000000000000152200000000002               01152       14031100000000079300000000012N030311000000000000010000000000000000000000000000000000000000000000000200360305119268Caixa Economico Federal                 Rua XV de Novembro, 190 - Centro - Ferra            00008500                                                            000067
1                   000902692011248461-153                    0000000000000000153000000000002               01153       13031100000000095000000000012N030311000000000000010000000000000000000000000000000000000000000000000100004379288889Lavinia Helena Gomes de Almeida GrisoliaRua Abraham Lincoln,263-Apto. 24                    07090100                                                            000068
9                                                                                                                                                                                                                                                                                                                                                                                                         000069