01REMESSA01COBRANCA       00000000000004130991SISTEMA DE CARTóRIO CERTIDõES 237BRADESCO       030611        MX0000378                                                                                                                                                                                                                                                                                     000001
1                   000902692011248461-853                    0000000000000000853500000000002               01853       12061100000000058000000000012N020611000000000000000190000000000000000000000000000000000000000000000210377191000169ACM  Legalizações Empresariais Ltda. - MAvenida Capitão Mário Toledo de Camargo,            09170150                                                            000002
1                   000902692011248461-854                    0000000000000000854300000000002               01854       13061100000000418200000000012N030611000000000000001390000000000000000000000000000000000000000000000200360305267887104 Caixa Econômica Federal             Rua São Joaquim, ,69-- 5º andar                     01508000                                                            000003
1                   000902692011248461-855                    0000000000000000855100000000002               01855       13061100000000085600000000012N030611000000000000000290000000000000000000000000000000000000000000000200360305267887104 Caixa Econômica Federal             Rua São Joaquim ,69-5º andar                        01508001                                                            000004
1                   000902692011248461-856                    0000000000000000856P00000000002               01856       13061100000001304140000000012N030611000000000000004350000000000000000000000000000000000000000000000200360305301066104 Caixa Econômica Federal             Avenida Brigadeiro Luís Antônio,3380                01402001                                                            000005
1                   000902692011248461-857                    0000000000000000857800000000002               01857       13061100000000210000000000012N030611000000000000000700000000000000000000000000000000000000000000000200360305167904104 Caixa Econômica Federal             Avenida Paulista,302                                01310000                                                            000006
1                   000902692011248461-858                    0000000000000000858600000000002               01858       13061100000000210000000000012N030611000000000000000700000000000000000000000000000000000000000000000200360305073845104 Caixa Econômica Federal             Rua Campos Sales,,198                               06401000                                                            000007
1                   000902692011248461-859                    0000000000000000859400000000002               01859       13061100000000470000000000012N030611000000000000001570000000000000000000000000000000000000000000000200360305073845104 Caixa Econômica Federal             Rua Campos Sales ,,198                              06401000                                                            000008
1                   000902692011248461-665                    0000000000000000665600000000002               02665       16051100000000170000000000012N060511000000000000010000000000000000000000000000000000000000000000000233479023000180CITIBANK RISK MANAGEMENT                Avenida Paulista, nº 1.111, 2º andar,1.1            01311920                                                            000009
1                   000902692011248461-556                    0000000000000000556000000000002               02556       07051100000000412000000000012N270411000000000000010000000000000000000000000000000000000000000000000208351432000159LIBRO COMPANHIA SECURITIZADORA DE CREDITAvenida Paulista,1499 – 19º. Andar ,1499            01311200                                                            000010
1                   000902692011248461-787                    0000000000000000787300000000002               31787       10061100000001555350000000012N310511000000000000010000000000000000000000000000000000000000000000000207624487000122GL2 NACIONAL REPRESENTAÇÕES LTDA        Rua Frei Caneca,30-Conj. 08                         06706015                                                            000011
9                                                                                                                                                                                                                                                                                                                                                                                                         000012