01REMESSA01COBRANCA       00000000000004130991SISTEMA DE CARTóRIO CERTIDõES 237BRADESCO       030811        MX0000415                                                                                                                                                                                                                                                                                     000001
1                   000902692011248461-1336                   0000000000000001336900000000002               011336      12081100000000029000000000012N020811120000000000000100000000000000000000000000000000000000000000000210377191000169ACM  Legalizações Empresariais Ltda. - MAvenida Capitão Mário Toledo de Camargo,            09170150                                                            000002
1                   000902692011248461-1330                   0000000000000001330P00000000002               011330      12081100000000224110000000012N020811120000000000000750000000000000000000000000000000000000000000000292894922000108BANCO MATONE (Núcleo Consignado RJ - MatAvenida Rio Branco,80-8º  e 9º andar                20040070                                                            000003
1                   000902692011248461-1331                   0000000000000001331800000000002               011331      12081100000000240000000000012N020811120000000000000800000000000000000000000000000000000000000000000200360305122803104 Caixa Econômica Federal             Avenida Presidente Vargas,,479                      06694000                                                            000004
1                   000902692011248461-1332                   0000000000000001332600000000002               011332      12081100000000709200000000012N020811120000000000002360000000000000000000000000000000000000000000000200360305100400104 Caixa Econômica Federal             Rua São Bento, 397  - 1º Andar,397                  01011100                                                            000005
1                   000902692011248461-1333                   0000000000000001333400000000002               011333      12081100000000080000000000012N020811120000000000000270000000000000000000000000000000000000000000000208344024000170GAE CONFECÇÕES DE ROUPAS LTDA EPP       Rua Mendes Júnior,539                               03013010                                                            000006
1                   000902692011248461-1334                   0000000000000001334200000000002               011334      12081100000000280000000000012N020811120000000000000930000000000000000000000000000000000000000000000201318126000171DR RAMOS ADVOGADOS ASSOCIADOS.          Rua Voluntários da Pátria,2540                      02402000                                                            000007
1                   000902692011248461-1335                   0000000000000001335000000000002               011335      12081100000000240000000000012N020811120000000000000800000000000000000000000000000000000000000000000200360305159723104 Caixa Econômica Federal             Rua Teodoro Sampaio,,429                            05405000                                                            000008
1                   000902692011248461-1337                   0000000000000001337700000000002               011337      12081100000000142000000000012N020811120000000000000470000000000000000000000000000000000000000000000100071178988368DOMINGO ALVES DE ARAÚJO                 Rua Gastão Vidigal,80A                              06386280                                                            000009
1                   000902692011248461-1338                   0000000000000001338500000000002               011338      12081100000000375000000000012N020811120000000000001250000000000000000000000000000000000000000000000100070653097891CLEONICE PESTILLA                       Avenida Doutor Acyr Alves Leite,350-(Env            16310000                                                            000010
1                   000902692011248461-1339                   0000000000000001339300000000002               011339      15081100000000148400000000012N030811120000000000000490000000000000000000000000000000000000000000000203723171000137E Cunha Consultoria Empresarial Ltda.   Rua Nova York ,959-conj. 52                         04560002                                                            000011
1                   000902692011248461-1340                   0000000000000001340700000000002               011340      15081100000000593600000000012N030811120000000000001980000000000000000000000000000000000000000000000209263012000183Fundo de Investimento em Direitos CreditAvenida Paulista,1499 – 19º. Andar ,1499            01311200                                                            000012
1                   000902692011248461-1341                   0000000000000001341500000000002               011341      15081100000000085600000000012N030811120000000000000290000000000000000000000000000000000000000000000200000000636576Banco do Brasil S/A - Agência CalifórniaAv. Brasil,411                                      17700000                                                            000013
1                   000902692011248461-1342                   0000000000000001342300000000002               011342      15081100000000085600000000012N030811120000000000000290000000000000000000000000000000000000000000000209263012000183Fundo de Investimento em Direitos CreditAvenida Paulista,,1499-19º andar                    01311200                                                            000014
1                   000902692011248461-1343                   0000000000000001343100000000002               011343      15081100000000210000000000012N030811120000000000000700000000000000000000000000000000000000000000000100017683448842LUIS MARTINS NETTO                      Rua Barão de Ladário,670-Sl. 404                    03010000                                                            000015
1                   000902692011248461-1194                   0000000000000001194300000000002               311194      15081100000000352000000000012N250711120000000000010000000000000000000000000000000000000000000000000233479023000180BANCO CITIBANK S.A                      Avenida Paulista, nº 1.111, 2º andar,1.1            01311920                                                            000016
1                   000902692011248461-1194                   0000000000000001194300000000002               061194      15081100000000352000000000012N250711120000000000010000000000000000000000000000000000000000000000000233479023000180BANCO CITIBANK S.A                      Avenida Paulista, nº 1.111, 2º andar,1.1            01311920                                                            000017
1                   000902692011248461-1218                   0000000000000001218400000000002               061218      15081100000000600000000000012N260711120000000000010000000000000000000000000000000000000000000000000233479023000180BANCO CITIBANK S.A                      Avenida Paulista, nº 1.111, 2º andar,1.1            01311920                                                            000018
1                   000902692011248461-1142                   0000000000000001142000000000002               091142      20071100000012000000000000012N150711060500000000000000000000000000000000000000000000000000000000000100017322431820RUBENS ROBLES JUNIOR                    RUA DO ORATORIO, 2319 - AP. 91 BL3                  03195100                                                            000019
1                   000902692011248461-1083                   0000000000000001083100000000002               311083      16081100000000347640000000012N050711120000000000010000000000000000000000000000000000000000000000000233479023000180BANCO CITIBANK S.A                      Avenida Paulista, nº 1.111, 2º andar,1.1            01311920                                                            000020
1                   000902692011248461-1083                   0000000000000001083100000000002               061083      16081100000000347640000000012N050711120000000000010000000000000000000000000000000000000000000000000233479023000180BANCO CITIBANK S.A                      Avenida Paulista, nº 1.111, 2º andar,1.1            01311920                                                            000021
1                   000902692011248461-1122                   0000000000000001122600000000002               311122      16081100000000240000000000012N120711120000000000010000000000000000000000000000000000000000000000000233479023000180BANCO CITIBANK S.A                      Avenida Paulista, nº 1.111, 2º andar,1.1            01311920                                                            000022
1                   000902692011248461-1122                   0000000000000001122600000000002               061122      16081100000000240000000000012N120711120000000000010000000000000000000000000000000000000000000000000233479023000180BANCO CITIBANK S.A                      Avenida Paulista, nº 1.111, 2º andar,1.1            01311920                                                            000023
1                   000902692011248461-984                    0000000000000000984100000000002               02984       11071100000000156400000000012N290611120000000000010000000000000000000000000000000000000000000000000209263012000183Fundo de Investimento em Direitos CreditAvenida Paulista,1499-19º andar                     01311200                                                            000024
1                   000902692011248461-900                    0000000000000000900000000000002               02900       24061100000000510000000000012N130611000000000000010000000000000000000000000000000000000000000000000209263012000183Fundo de Investimento em Direitos CreditAvenida Paulista,1499-19º andar                     01311200                                                            000025
1                   000902692011248461-901                    0000000000000000901900000000002               02901       24061100000000837250000000012N130611000000000000010000000000000000000000000000000000000000000000000209263012000183Fundo de Investimento em Direitos CreditAvenida Paulista,1499-19º andar                     01311200                                                            000026
1                   000902692011248461-954                    0000000000000000954P00000000002               02954       20071100000000667600000000012N270611120000000000010000000000000000000000000000000000000000000000000209263012000183Fundo de Investimento em Direitos CreditAvenida Paulista,1499-19º andar                     01311200                                                            000027
1                   000902692011248461-1128                   0000000000000001128500000000002               021128      25071100000000284000000000012N130711120000000000010000000000000000000000000000000000000000000000000209263012000183Fundo de Investimento em Direitos CreditAvenida Paulista ,1499-19º. Andar                   01311200                                                            000028
1                   000902692011248461-977                    0000000000000000977900000000002               02977       20071100000000850000000000012N290611120000000000010000000000000000000000000000000000000000000000000209263012000183Fundo de Investimento em Direitos CreditAvenida Paulista,1499-19º andar                     01311200                                                            000029
1                   000902692011248461-1129                   0000000000000001129300000000002               021129      25071100000000200000000000012N130711120000000000010000000000000000000000000000000000000000000000000209263012000183Fundo de Investimento em Direitos CreditAvenida Paulista,,1499-19º andar                    01311200                                                            000030
9                                                                                                                                                                                                                                                                                                                                                                                                         000031