01REMESSA01COBRANCA       00000000000004130991SISTEMA DE CARTóRIO CERTIDõES 237BRADESCO       031011        MX0000449                                                                                                                                                                                                                                                                                     000001
1                   000902692011248461-1788                   0000000000000001788700000000002               011788      10101100000000060000000000012N300911120000000000000200000000000000000000000000000000000000000000000100000684995824FLAVIO NAVARRO                          Rua São Serapião,1075                               03664000                                                            000002
1                   000902692011248461-1789                   0000000000000001789500000000002               011789      17101100000000842000000000012N300911120000000000002810000000000000000000000000000000000000000000000207964366000120FUNDO DE INVESTIMENTO EM DIREITOS CREDITAvenida Paulista ,1499-19º andar                    01311200                                                            000003
1                   000902692011248461-1790                   0000000000000001790900000000002               011790      10101100000000090000000000012N300911120000000000000300000000000000000000000000000000000000000000000100033754357972ANTONIO ROSENO DA SILVA                 Rua Paranaguá,115                                   07161350                                                            000004
1                   000902692011248461-1791                   0000000000000001791700000000002               011791      07101100000007500000000000012N300911000000000000000000000000000000000000000000000000000000000000000100025594133615MOEMA DEQUECH CARVALHO                  ALAMEDA SERRA DA MANTIQUEIRA, 767                   34000000                                                            000005
1                   000902692011248461-1792                   0000000000000001792500000000002               011792      21111100000007500000000000012N300911000000000000000000000000000000000000000000000000000000000000000100025594133615MOEMA DEQUECH CARVALHO                  ALAMEDA SERRA DA MANTIQUEIRA, 767                   34000000                                                            000006
1                   000902692011248461-1793                   0000000000000001793300000000002               011793      07101100000007500000000000012N300911000000000000000000000000000000000000000000000000000000000000000100025594133615MOEMA DEQUECH CARVALHO                  ALAMEDA DAS HORTENCIAS, 30                          34000000                                                            000007
1                   000902692011248461-1794                   0000000000000001794100000000002               011794      21111100000007500000000000012N300911000000000000000000000000000000000000000000000000000000000000000100025594133615MOEMA DEQUECH CARVALHO                  ALAMEDA DAS HORTENCIAS, 30                          34000000                                                            000008
1                   000902692011248461-1795                   0000000000000001795P00000000002               011795      07101100000007500000000000012N031011000000000000000000000000000000000000000000000000000000000000000100025594133615MOEMA DEQUECH CARVALHO                  ALAMEDA SERRA DA MANTIQUEIRA, 767                   34000000                                                            000009
1                   000902692011248461-1796                   0000000000000001796800000000002               011796      21111100000007500000000000012N031011000000000000000000000000000000000000000000000000000000000000000100025594133615MOEMA DEQUECH CARVALHO                  ALAMEDA SERRA DA MANTIQUEIRA, 767                   34000000                                                            000010
1                   000902692011248461-1797                   0000000000000001797600000000002               011797      07101100000012500000000000012N031011000000000000000000000000000000000000000000000000000000000000000100025594133615MOEMA DEQUECH CARVALHO                  ALAMEDA SERRA DA MANTIQUEIRA, 767                   34000000                                                            000011
1                   000902692011248461-1798                   0000000000000001798400000000002               011798      21111100000012500000000000012N031011000000000000000000000000000000000000000000000000000000000000000100025594133615MOEMA DEQUECH CARVALHO                  ALAMEDA SERRA DA MANTIQUEIRA, 767                   34000000                                                            000012
1                   000902692011248461-1802                   0000000000000001802600000000002               011802      31101100000002365530000000012N031011120000000000007890000000000000000000000000000000000000000000000292894922000108BANCO MATONE (Núcleo Consignado RJ - MatAvenida Rio Branco,115-18º andar                    20040004                                                            000013
1                   000902692011248461-1800                   0000000000000001800P00000000002               011800      07101100000020000000000000012N031011000000000000000000000000000000000000000000000000000000000000000100025594133615MOEMA DEQUECH CARVALHO                  ALAMEDA SERRA DA MANTIQUEIRA, 767                   34000000                                                            000014
1                   000902692011248461-1801                   0000000000000001801800000000002               011801      21111100000020000000000000012N031011000000000000000000000000000000000000000000000000000000000000000100025594133615MOEMA DEQUECH CARVALHO                  ALAMEDA SERRA DA MANTIQUEIRA, 767                   34000000                                                            000015
1                   000902692011248461-1699                   0000000000000001699600000000002               061699      13101100000000115000000000012N200911120000000000010000000000000000000000000000000000000000000000000200360305267887104 Caixa Econômica Federal             Rua São Joaquim ,69-5º andar                        01508001                                                            000016
9                                                                                                                                                                                                                                                                                                                                                                                                         000017