01REMESSA01COBRANCA       00000000000004130991SISTEMA DE CARTÛRIO CERTIDıES 237BRADESCO       030112        MX0000489                                                                                                                                                                                                                                                                                     000001
1                   000902692011248461-2514                   0000000000000002514600000000002               012514      09011200000000516000000000012N2912111200000000000017200000000000000000000000000000000000000000000002000000000018301 Banco do Brasil S.A.                  Rua S„o Bento ,483                                  01011100                                                            000002
1                   000902692011248461-2515                   0000000000000002515400000000002               012515      13011200000000277000000000012N291211120000000000000920000000000000000000000000000000000000000000000209263012000183Fundo de Investimento em Direitos CreditAvenida Paulista ,1499-19∫. Andar                   01311200                                                            000003
1                   000902692011248461-2516                   0000000000000002516200000000002               012516      09011200000000232030000000012N291211120000000000000770000000000000000000000000000000000000000000000253283180000122Tesheiner Cavassani e Giacomazi AdvogadoRua Jo„o Adolfo,118-Conj. 405                       01050020                                                            000004
1                   000902692011248461-2517                   0000000000000002517000000000002               012517      09011200000000246180000000012N291211120000000000000820000000000000000000000000000000000000000000000253283180000122Tesheiner Cavassani e Giacomazi AdvogadoRua Jo„o Adolfo,118-Conj. 405                       01050020                                                            000005
1                   000902692011248461-2518                   0000000000000002518900000000002               012518      09011200000000247740000000012N291211120000000000000830000000000000000000000000000000000000000000000253283180000122Tesheiner Cavassani e Giacomazi AdvogadoRua Jo„o Adolfo,118-Conj. 405                       01050020                                                            000006
1                   000902692011248461-2519                   0000000000000002519700000000002               012519      09011200000000320980000000012N291211120000000000001070000000000000000000000000000000000000000000000253283180000122Tesheiner Cavassani e Giacomazi AdvogadoRua Jo„o Adolfo,118-Conj. 405                       01050020                                                            000007
1                   000902692011248461-2520                   0000000000000002520000000000002               012520      23011200000010000000000000012N291211000000000000000000000000000000000000000000000000000000000000000100024559520291ROGERIO ALENCAR RAMOS                   RUA S-5, 440 APTO 1402 EDIFICIO BENEVILL            74823460                                                            000008
1                   000902692011248461-2521                   0000000000000002521900000000002               012521      03021200000008000000000000012N291211000000000000000000000000000000000000000000000000000000000000000100024559520291ROGERIO ALENCAR RAMOS                   RUA S-5, 440 APTO 1402 EDIFICIO BENEVILL            74823460                                                            000009
1                   000902692011248461-2522                   0000000000000002522700000000002               012522      23011200000012000000000000012N291211000000000000000000000000000000000000000000000000000000000000000100024559520291ROGERIO ALENCAR RAMOS                   RUA S-5, 440 APTO 1402 EDIFICIO BENEVILL            74823460                                                            000010
1                   000902692011248461-2510                   0000000000000002510300000000002               312510      09011200000000118900000000012N281211120000000000010000000000000000000000000000000000000000000000000259285411000113BANCO PANAMERICANO S/A                  Av Paulista , 2.240                                 01310300                                                            000011
1                   000902692011248461-2510                   0000000000000002510300000000002               062510      09011200000000118900000000012N281211120000000000010000000000000000000000000000000000000000000000000259285411000113BANCO PANAMERICANO S/A                  Av Paulista , 2.240                                 01310300                                                            000012
9                                                                                                                                                                                                                                                                                                                                                                                                         000013