01REMESSA01COBRANCA       00000000000004130991SISTEMA DE CARTóRIO CERTIDõES 237BRADESCO       030412        MX0000518                                                                                                                                                                                                                                                                                     000001
1                   000902692011248461-3308                   0000000000000003308400000000002               013308      12041200000000040250000000012N020412120000000000000130000000000000000000000000000000000000000000000205437753000182INTERCON ENGENHARIA DE SERVIÇO LTDA     Rua Vasconcelos de Almeida,6                        02556010                                                            000002
1                   000902692011248461-3309                   0000000000000003309200000000002               013309      12041200000002688050000000012N020412000000000000000000000000000000000000000000000000000000000000000201701201091397399 HSBC Bank Brasil S.A. - Banco MultipRua Joaquim Floriano, 430                           04534002                                                            000003
1                   000902692011248461-3310                   0000000000000003310600000000002               013310      12041200000000149500000000012N020412120000000000000500000000000000000000000000000000000000000000000200360305123109104 Caixa Econômica Federal             Avenida Rio Branco,1675                             01205001                                                            000004
1                   000902692011248461-3311                   0000000000000003311400000000002               013311      12041200000000220800000000012N020412120000000000000740000000000000000000000000000000000000000000000202874845000131ROCDRILL COMÉRCIO E SERVIÇOS LTDA       Avenida Coronel Luiz Rodrigues de Barros            06716035                                                            000005
1                   000902692011248461-3312                   0000000000000003312200000000002               013312      12041200000000350000000000012N020412120000000000001170000000000000000000000000000000000000000000000201190978000126ITALIA COMERCIAL TEXTIL LTDA ME         Rua Almirante Barroso,308                           03025000                                                            000006
1                   000902692011248461-3313                   0000000000000003313000000000002               013313      12041200000000184000000000012N020412120000000000000610000000000000000000000000000000000000000000000217184037010506389 Banco Mercantil do Brasil S.A.      Avenida Paulista ,923                               01311100                                                            000007
1                   000902692011248461-3314                   0000000000000003314900000000002               013314      08041200000000070000000000012N020412000000000000000230000000000000000000000000000000000000000000000113293656000191GVN CONSULTORIA E ASSESSORIA CARTORÁRIA Av. Djalma Batista,1905-Lj. 12                      69050010Protesto após 5 dias                                        000008
1                   000902692011248461-3315                   0000000000000003315700000000002               013315      08041200000000032500000000012N020412000000000000000110000000000000000000000000000000000000000000000113321680000197Ana Claudia Barbiere Alves Ferreira - MERua São Bento,1688                                  14801300Protesto após 5 dias                                        000009
1                   000902692011248461-3316                   0000000000000003316500000000002               013316      08041200000000500000000000012N020412000000000000001670000000000000000000000000000000000000000000000114371927000142AGA3 INTERMEDIACAO CARTORARIA LTDA.     Rua José Alvim,243                                  12940750Protesto após 5 dias                                        000010
1                   000902692011248461-3317                   0000000000000003317300000000002               013317      08041200000000008060000000012N020412000000000000000030000000000000000000000000000000000000000000000114495115000109MSC ASSESSORIA E CONSULTORIA CARTORARIA Rua Duque de Caxias,161                             06401010Protesto após 5 dias                                        000011
1                   000902692011248461-3318                   0000000000000003318100000000002               013318      08041200000000003650000000012N020412000000000000000010000000000000000000000000000000000000000000000113078931000154Camargo & Oliveira Assessoria CartoráriaRua Santos Dumont,219                               14300000Protesto após 5 dias                                        000012
1                   000902692011248461-3319                   0000000000000003319P00000000002               013319      08041200000000475020000000012N020412000000000000001580000000000000000000000000000000000000000000000111864024000105AGICART - SERVIÇOS DOCUMENTALISTAS INTERRua Afonso Pena,5-47                                17060250Protesto após 5 dias                                        000013
1                   000902692011248461-3320                   0000000000000003320300000000002               013320      08041200000000500000000000012N020412000000000000001670000000000000000000000000000000000000000000000114272122000141F2G ATIVIDADES DE INFORMACOES CADASTRAISRua Dr. Moraes ,565-Loja 02                         66035080Protesto após 5 dias                                        000014
1                   000902692011248461-3321                   0000000000000003321100000000002               013321      08041200000000365840000000012N020412000000000000001220000000000000000000000000000000000000000000000113238744000190ARCHANJO TEIXEIRA PREPARAÇÃO DE DOCUMENTAv. Brasil,1586-Loja 06                             30140003Protesto após 5 dias                                        000015
1                   000902692011248461-3322                   0000000000000003322P00000000002               013322      08041200000000082500000000012N020412000000000000000280000000000000000000000000000000000000000000000111564744000155SARAIVA´S CONSULTORIA EMPRESARIAL LTDA  Rua Prefeito José Santana Trigueiro,183             32604188Protesto após 5 dias                                        000016
1                   000902692011248461-3323                   0000000000000003323800000000002               013323      08041200000000158050000000012N020412000000000000000530000000000000000000000000000000000000000000000113619244000107BRAGPOST ASSESSORIA CARTORARIA LTDA     Av. Antonio Pires Pimentel,707                      12914001Protesto após 5 dias                                        000017
1                   000902692011248461-3324                   0000000000000003324600000000002               013324      08041200000000015750000000012N020412000000000000000050000000000000000000000000000000000000000000000112196193000187BR ASSESSORIA CARTORARIA LTDA           CLSW,101-Bloco C, Loja 73                           70670503Protesto após 5 dias                                        000018
1                   000902692011248461-3325                   0000000000000003325400000000002               013325      08041200000000006000000000012N020412000000000000000020000000000000000000000000000000000000000000000113635488000175GARCIA E SANTOS ASSESSORIA CARTORARIA LTRua Raul Veiga,708-Loja B                           28907090Protesto após 5 dias                                        000019
1                   000902692011248461-3326                   0000000000000003326200000000002               013326      08041200000000409900000000012N020412000000000000001370000000000000000000000000000000000000000000000114816778000188Oliveira Intermediação Cartorária LTDA MR. Dr. Antônio Alvares Lobo,226                     13020110Protesto após 5 dias                                        000020
1                   000902692011248461-3327                   0000000000000003327000000000002               013327      08041200000000043400000000012N020412000000000000000140000000000000000000000000000000000000000000000114342243000112MD PRESTAÇÃO DE SERVIÇOS LTDA ME        Av. Afonso Pena,5420-SL 5 e 6                       79040010Protesto após 5 dias                                        000021
1                   000902692011248461-3328                   0000000000000003328900000000002               013328      08041200000000203550000000012N020412000000000000000680000000000000000000000000000000000000000000000111198466000160GOMES & KUNCEVICIUS LTDA ME             Rua Prisciliana de Castilho,374-Sala 06             11660330Protesto após 5 dias                                        000022
1                   000902692011248461-3329                   0000000000000003329700000000002               013329      08041200000000053910000000012N020412000000000000000180000000000000000000000000000000000000000000000111569240000128FLECK ASSESSORIA ADMINISTRATIVA LTDA    Avenida Tancredo Neves,385                          85805000Protesto após 5 dias                                        000023
1                   000902692011248461-3330                   0000000000000003330000000000002               013330      08041200000000151000000000012N020412000000000000000500000000000000000000000000000000000000000000000112761154000185MC PRESTADORA DE SERVIÇOS ADMINISTRATIVORua Marechal José B. Bormann,164 E-Sala             89802120Protesto após 5 dias                                        000024
1                   000902692011248461-3331                   0000000000000003331900000000002               013331      08041200000000207120000000012N020412000000000000000690000000000000000000000000000000000000000000000112655472000161CURITIBA ASSESSORIA CARTORARIA LTDA     Rua Tibagi,506                                      80060110Protesto após 5 dias                                        000025
1                   000902692011248461-3332                   0000000000000003332700000000002               013332      08041200000000443060000000012N020412000000000000001480000000000000000000000000000000000000000000000112632803000148RUBIANA SERVIÇOS DE CARTORIO, CERTIDÕES Rua das Esmeraldas,186                              09920520Protesto após 5 dias                                        000026
1                   000902692011248461-3333                   0000000000000003333500000000002               013333      08041200000000500000000000012N020412000000000000001670000000000000000000000000000000000000000000000114393975000131NEWA Intermediação Cartorária LTDA-ME   Rua Guaraiúva,775                                   04569002Protesto após 5 dias                                        000027
1                   000902692011248461-3334                   0000000000000003334300000000002               013334      08041200000000500000000000012N020412000000000000001670000000000000000000000000000000000000000000000100000000000000Cartório Postal - Guarulhos - SP        Rua Luiz Faccini,404                                07110000Protesto após 5 dias                                        000028
1                   000902692011248461-3335                   0000000000000003335100000000002               013335      08041200000000010900000000012N020412000000000000000040000000000000000000000000000000000000000000000113417036000117ASSESSORIA CARTORARIA HORTOLANDIA LTDA  Rua João Camilo de Camargo,289                      13184290Protesto após 5 dias                                        000029
1                   000902692011248461-3336                   0000000000000003336P00000000002               013336      08041200000000050300000000012N020412000000000000000170000000000000000000000000000000000000000000000112498961000157HANNAH ASSESSORIA CARTORÁRIA LTDA       Rua Visconde de Mauá,208-Térreo                     45653260Protesto após 5 dias                                        000030
1                   000902692011248461-3337                   0000000000000003337800000000002               013337      08041200000000138550000000012N020412000000000000000460000000000000000000000000000000000000000000000112162069000109GODOI & GODOY ASSESSORIA CARTORARIA LTDAAv. Francisco de Paula Leite,1699                   13344325Protesto após 5 dias                                        000031
1                   000902692011248461-3338                   0000000000000003338600000000002               013338      08041200000000186110000000012N020412000000000000000620000000000000000000000000000000000000000000000102248702000114MOURA E MENEZES SERVIÇOS ADMINISTRATIVOSRua Dr. Curvelo Cavalcante,189-Loja 315             23810300Protesto após 5 dias                                        000032
1                   000902692011248461-3339                   0000000000000003339400000000002               013339      08041200000000023950000000012N020412000000000000000080000000000000000000000000000000000000000000000113287999000143ASSESSORIA CARTORÁRIA CARMO E PÁDUA LTDAAv. Cardoso Moreira,431-Loja 11                     28300000Protesto após 5 dias                                        000033
1                   000902692011248461-3340                   0000000000000003340800000000002               013340      08041200000000500000000000012N020412000000000000001670000000000000000000000000000000000000000000000114130979000127FORMA LEGAL INTERMEDIACAO CARTORARIA LTDRua Venancio Ayres,459-Piso Inferior                18200013Protesto após 5 dias                                        000034
1                   000902692011248461-3341                   0000000000000003341600000000002               013341      08041200000000685000000000012N020412000000000000002280000000000000000000000000000000000000000000000112443155000181ASSESSORIA E CONSULTORIA CARTORARIA DE DRua Santa Cruz,652                                  13300090Protesto após 5 dias                                        000035
1                   000902692011248461-3342                   0000000000000003342400000000002               013342      08041200000000020950000000012N020412000000000000000070000000000000000000000000000000000000000000000112139078000170RW MARIZ ESTRUTURA CARTORAL LTDA        Av Epitácio Pessoa,475-Sala 05                      58030906Protesto após 5 dias                                        000036
1                   000902692011248461-3343                   0000000000000003343200000000002               013343      08041200000000015900000000012N020412000000000000000050000000000000000000000000000000000000000000000114911193000147Mayerlopes Intermediações Cartorária LTDRua Marechal Deodoro,444/322                        36010904Protesto após 5 dias                                        000037
1                   000902692011248461-3344                   0000000000000003344000000000002               013344      08041200000000234050000000012N020412000000000000000780000000000000000000000000000000000000000000000112572498000146Alphacentral Documentos e Serviços LTDA Rua Zacarias de Goes,285                            13201800Protesto após 5 dias                                        000038
1                   000902692011248461-3345                   0000000000000003345900000000002               013345      08041200000000500000000000012N020412000000000000001670000000000000000000000000000000000000000000000114648481000150IRMÃOS CORREA INTERMEDIAÇÃO CARTORÁRIA LAv. Luis de Camões,1287-Sala 02                     88523000Protesto após 5 dias                                        000039
1                   000902692011248461-3346                   0000000000000003346700000000002               013346      08041200000000001200000000012N020412000000000000000000000000000000000000000000000000000000000000000112318641000178JUS SERV CAPACITAÇÃO PROFISSIONAL LTDA  Rua São Jorge,03-LJ 07 - Ed. Porto Busin            42700000Protesto após 5 dias                                        000040
1                   000902692011248461-3347                   0000000000000003347500000000002               013347      08041200000000020400000000012N020412000000000000000070000000000000000000000000000000000000000000000113585685000127ASSESSORIA CARTORÁRIA LIMEIRA LTDA ME   Rua Senador Vergueiro ,788                          13480001Protesto após 5 dias                                        000041
1                   000902692011248461-3348                   0000000000000003348300000000002               013348      08041200000000204460000000012N0204120000000000000006800000000000000000000000000000000000000000000001112843480001743G7 ASSESSORIA E ORGANIZAÇÃO DE DOCUMENTRua Goiás,1332                                      86020410Protesto após 5 dias                                        000042
1                   000902692011248461-3349                   0000000000000003349100000000002               013349      08041200000000500000000000012N020412000000000000001670000000000000000000000000000000000000000000000114374798000146RAFAEL MROZINSKI ME                     Av. Rio Grande do Sul,193 S-Sala 02                 78455000Protesto após 5 dias                                        000043
1                   000902692011248461-3350                   0000000000000003350500000000002               013350      08041200000000500000000000012N020412000000000000001670000000000000000000000000000000000000000000000114140265000108JGMC SERVICOS ESPECIALIZADOS DE APOIO ADAvenida Nossa Senhora do Sabará,1348                04686001Protesto após 5 dias                                        000044
1                   000902692011248461-3351                   0000000000000003351300000000002               013351      08041200000000033400000000012N020412000000000000000110000000000000000000000000000000000000000000000111222886000134ELIDA ASSESSORIA EMPRESARIAL LTDA       R. Neo Alves Martins,2955-Sala 03                   87013060Protesto após 5 dias                                        000045
1                   000902692011248461-3352                   0000000000000003352100000000002               013352      08041200000000500000000000012N020412000000000000001670000000000000000000000000000000000000000000000114456232000163RENATA GLORIA DE ALMEIDA ME             Rua Juscelino K. de Oliveira,763                    37580000Protesto após 5 dias                                        000046
1                   000902692011248461-3353                   0000000000000003353P00000000002               013353      08041200000000025710000000012N020412000000000000000090000000000000000000000000000000000000000000000112837049000182TOWER NITEROI SERVIÇOS DE CARTÓRIO E CERRua Visconde de Sepetiba,935-Loja 134               24020206Protesto após 5 dias                                        000047
1                   000902692011248461-3354                   0000000000000003354800000000002               013354      08041200000000376550000000012N020412000000000000001260000000000000000000000000000000000000000000000113133167000172MONARO & FRANCO SERVIÇOS ORGANIZACIONAISRua dos Marianos,132                                06016050Protesto após 5 dias                                        000048
1                   000902692011248461-3355                   0000000000000003355600000000002               013355      08041200000000021700000000012N020412000000000000000070000000000000000000000000000000000000000000000113622593000170VERA & MARIA SERVIÇOS E ASSESSORIA CARTORua Paraná,629                                      19900021Protesto após 5 dias                                        000049
1                   000902692011248461-3356                   0000000000000003356400000000002               013356      08041200000000006750000000012N020412000000000000000020000000000000000000000000000000000000000000000114744632000174RDL INTERMEDIAÇÃO CARTORÁRIA LTDA       Avenida Santa Teresa,516                            68552230Protesto após 5 dias                                        000050
1                   000902692011248461-3357                   0000000000000003357200000000002               013357      08041200000000500000000000012N020412000000000000001670000000000000000000000000000000000000000000000113969109000183CAVALCANTE & CRUZ INTERMEDIACAO CARTORARAv. Getulio Vargas,139                              58400052Protesto após 5 dias                                        000051
1                   000902692011248461-3358                   0000000000000003358000000000002               013358      08041200000000013310000000012N020412000000000000000040000000000000000000000000000000000000000000000113743219000122Valentim e Silva Serviços               Praça Antônio Dias,584                              38700110Protesto após 5 dias                                        000052
1                   000902692011248461-3359                   0000000000000003359900000000002               013359      08041200000000500000000000012N020412000000000000001670000000000000000000000000000000000000000000000126069567000108JPS SERVIÇOS LTDA ME                    Rua Apinajés,1100-Cj. 501                           05017000Protesto após 5 dias                                        000053
1                   000902692011248461-3360                   0000000000000003360200000000002               013360      08041200000000500000000000012N020412000000000000001670000000000000000000000000000000000000000000000113845551000106MACEDO & MELO INTERMEDIACOES CARTORARIASRua David Caldas,564-B                              64000190Protesto após 5 dias                                        000054
1                   000902692011248461-3361                   0000000000000003361000000000002               013361      08041200000000423440000000012N020412000000000000001410000000000000000000000000000000000000000000000111253279000131ANDRIETTA & PIVA LTDA                   R. Gov. Pedro de Toledo,569                         13400070Protesto após 5 dias                                        000055
1                   000902692011248461-3362                   0000000000000003362900000000002               013362      08041200000000090890000000012N020412000000000000000300000000000000000000000000000000000000000000000105910405000180Saad Vargas Assessoria Empresarial Ltda Rua Sete de Setembro,635                            84010350Protesto após 5 dias                                        000056
1                   000902692011248461-3363                   0000000000000003363700000000002               013363      08041200000000147250000000012N020412000000000000000490000000000000000000000000000000000000000000000114467333000130Sirley Santos Niemic - ME               Av. Municipal,1779 A                                78250000Protesto após 5 dias                                        000057
1                   000902692011248461-3364                   0000000000000003364500000000002               013364      08041200000000021500000000012N020412000000000000000070000000000000000000000000000000000000000000000114041706000106HMR - EXPRESS DOCUMENTOS LTDA - ME      Rua Nelson Pereira Lopes,380                        13660000Protesto após 5 dias                                        000058
1                   000902692011248461-3365                   0000000000000003365300000000002               013365      08041200000000043330000000012N020412000000000000000140000000000000000000000000000000000000000000000112462165000164Viviane Aparecida Henriques - EPP       Rua Rui Barbosa,164                                 19010260Protesto após 5 dias                                        000059
1                   000902692011248461-3366                   0000000000000003366100000000002               013366      08041200000000089300000000012N020412000000000000000300000000000000000000000000000000000000000000000111619454000161ASSESSORIA CARTORÁRIA DO NORDESTE LTDA  Av. Conselheiro Rosa e Silva,1460 -Sala             52020220Protesto após 5 dias                                        000060
1                   000902692011248461-3367                   0000000000000003367P00000000002               013367      08041200000000049240000000012N020412000000000000000160000000000000000000000000000000000000000000000113800899000179TEIXEIRA CARREIRO INTERMEDIACAO CARTORARRua Luiz Pistarini,74-Loja E                        27542090Protesto após 5 dias                                        000061
1                   000902692011248461-3368                   0000000000000003368800000000002               013368      08041200000000044860000000012N020412000000000000000150000000000000000000000000000000000000000000000111675298000156MORANDO & MORANDO SERVIÇOS TRANSCRIÇÃO DRua Tibiriçá,189                                    14010090Protesto após 5 dias                                        000062
1                   000902692011248461-3369                   0000000000000003369600000000002               013369      08041200000000640520000000012N020412000000000000002140000000000000000000000000000000000000000000000111144435000126M&Z Documentos Cartorários Ltda         R. da Assembléia,10-Lj. Subsl. 112                  20011000Protesto após 5 dias                                        000063
1                   000902692011248461-3370                   0000000000000003370P00000000002               013370      08041200000000021230000000012N020412000000000000000070000000000000000000000000000000000000000000000111777632000182CFN ASSESSORIA EM DOCUMENTOS LTDA       R Prefeito Carlos José Carlson,226-CJ 01            09450000Protesto após 5 dias                                        000064
1                   000902692011248461-3371                   0000000000000003371800000000002               013371      08041200000000008710000000012N020412000000000000000030000000000000000000000000000000000000000000000113350598000190CP SERVIÇOS ADMINISTRATIVO LTDA - ME    Rua Arnaldo Estevão de Figueiredo,640               78700150Protesto após 5 dias                                        000065
1                   000902692011248461-3372                   0000000000000003372600000000002               013372      08041200000000054830000000012N020412000000000000000180000000000000000000000000000000000000000000000113576355000175NELSON CARLOS LEME                      Rua 9 de Julho,696                                  13320005Protesto após 5 dias                                        000066
1                   000902692011248461-3373                   0000000000000003373400000000002               013373      08041200000000176000000000012N020412000000000000000590000000000000000000000000000000000000000000000113098867000173ROMI & ZANATTA LTDA - ME                Rua Floriano Peixoto,692                            13450023Protesto após 5 dias                                        000067
1                   000902692011248461-3374                   0000000000000003374200000000002               013374      08041200000000191030000000012N020412000000000000000640000000000000000000000000000000000000000000000108854020000131M.V. FRANZOSO – SOLUCOES EMPRESARIAIS – Rua Rio Branco,483                                  09710090Protesto após 5 dias                                        000068
1                   000902692011248461-3375                   0000000000000003375000000000002               013375      08041200000000034080000000012N020412000000000000000110000000000000000000000000000000000000000000000113821603000104SPEEDCART APOIO E SERVICOS ADMINISTRATIVRua Amazonas,156                                    09520060Protesto após 5 dias                                        000069
1                   000902692011248461-3376                   0000000000000003376900000000002               013376      08041200000000094560000000012N020412000000000000000320000000000000000000000000000000000000000000000113433192000171CONSULT SERVICE ASSESSORIA CARTORÁRIA LTRua Episcopal,1714-Loja 02                          13560570Protesto após 5 dias                                        000070
1                   000902692011248461-3377                   0000000000000003377700000000002               013377      08041200000000549910000000012N020412000000000000001830000000000000000000000000000000000000000000000111495482000114CATARINENSE ASSESSORIA CARTORÁRIA LTDA  Rua Antônio Scherer,465-Loja 3                      88102090Protesto após 5 dias                                        000071
1                   000902692011248461-3378                   0000000000000003378500000000002               013378      08041200000003612900000000012N020412000000000000012040000000000000000000000000000000000000000000000110906064000100MAIA SERVIÇOS ADMINISTRATIVOS LTDA      Rua Bernardino de Campos,3180-Loja 04 Ga            15015300Protesto após 5 dias                                        000072
1                   000902692011248461-3379                   0000000000000003379300000000002               013379      08041200000000702290000000012N020412000000000000002340000000000000000000000000000000000000000000000111165549000152D´ VASQUEZ SERVIÇOS CARTORARIOS LTDA - EAv. Dr. João Guilhermino,293                        12210131Protesto após 5 dias                                        000073
1                   000902692011248461-3380                   0000000000000003380700000000002               013380      08041200000000003500000000012N020412000000000000000010000000000000000000000000000000000000000000000114018734000102TEOF LTDA ME                            Rua Barão do Cerro Azul,1851 B                      83025140Protesto após 5 dias                                        000074
1                   000902692011248461-3381                   0000000000000003381500000000002               013381      08041200000000421980000000012N020412000000000000001410000000000000000000000000000000000000000000000111163439000151RF-SERVICOS DE DOCUMENTACAO LTDA.       Av. Mal. Castelo Branco,173-A                       65076090Protesto após 5 dias                                        000075
1                   000902692011248461-3382                   0000000000000003382300000000002               013382      08041200000000500000000000012N020412000000000000001670000000000000000000000000000000000000000000000114784108000127D & F GESTAO E SOLUCOES EM GERENCIAMENTOAv. Jabaquara,2071                                  04045003Protesto após 5 dias                                        000076
1                   000902692011248461-3383                   0000000000000003383100000000002               013383      08041200000000013600000000012N020412000000000000000050000000000000000000000000000000000000000000000151915072000108Associação Comercial, Industrial e AgropRua Antônio Jorge Chebab,1212                       13170005Protesto após 5 dias                                        000077
1                   000902692011248461-3384                   0000000000000003384P00000000002               013384      08041200000000554170000000012N020412000000000000001850000000000000000000000000000000000000000000000111029315000188SUZAN CART CERTIDOES LTDA - ME          Rua Gal. Francisco Glicério,1185                    08674003Protesto após 5 dias                                        000078
1                   000902692011248461-3385                   0000000000000003385800000000002               013385      08041200000000500000000000012N020412000000000000001670000000000000000000000000000000000000000000000114282003000170GIRA MUNDO INTERMEDIAÇÃO CARTORÁRIA LTDARua Tijuco Preto,278-Térreo                         03316000Protesto após 5 dias                                        000079
1                   000902692011248461-3386                   0000000000000003386600000000002               013386      08041200000000077450000000012N020412000000000000000260000000000000000000000000000000000000000000000111165549000233D´ VASQUEZ SERVIÇOS CARTORARIOS LTDA EPPRua Coronel Augusto Monteiro,650                    12020160Protesto após 5 dias                                        000080
1                   000902692011248461-3387                   0000000000000003387400000000002               013387      08041200000000012000000000012N020412000000000000000040000000000000000000000000000000000000000000000110918131000106PROCART - PROCESSOS CARTORAIS LTDA      Rua Primeiro de Janeiro,35-Sala 101                 35180032Protesto após 5 dias                                        000081
1                   000902692011248461-3388                   0000000000000003388200000000002               013388      08041200000000338770000000012N020412000000000000001130000000000000000000000000000000000000000000000113406670000154RODRIGUES E VIEIRA LTDA.                208 Sul AV. LO 03-LT 11, ED. VITORIA, Sa            77020542Protesto após 5 dias                                        000082
1                   000902692011248461-3389                   0000000000000003389000000000002               013389      08041200000000500000000000012N020412000000000000001670000000000000000000000000000000000000000000000114567761000134ABEN INTERMEDIACAO CARTORARIA LTDA ME   Rua Coronel Manoel Borges,321                       38010410Protesto após 5 dias                                        000083
1                   000902692011248461-3390                   0000000000000003390400000000002               013390      08041200000001209430000000012N020412000000000000004030000000000000000000000000000000000000000000000111834699000101REGIS ORLANDINI ASSESSORIA CARTORARIA LTAv. João Naves de Ávila,81                          38400600Protesto após 5 dias                                        000084
1                   000902692011248461-3391                   0000000000000003391200000000002               013391      08041200000000500000000000012N020412000000000000001670000000000000000000000000000000000000000000000114395950000177VILARONGA REPRESENTACOES E INTERMEDIACOERua José Gonçalves Pereira,35-LJ 1                  37010500Protesto após 5 dias                                        000085
1                   000902692011248461-3392                   0000000000000003392000000000002               013392      08041200000000500000000000012N020412000000000000001670000000000000000000000000000000000000000000000108343505000160LUMARTHZ SOLUCOES ADMINISTRATIVAS LTDA -Rua Nove de Julho,430-Lj 03 - Galeria de            13280000Protesto após 5 dias                                        000086
1                   000902692011248461-3393                   0000000000000003393900000000002               013393      08041200000000126570000000012N020412000000000000000420000000000000000000000000000000000000000000000113372039000181De Paula & França Serviço Privado de IntAv. Nossa Senhora da Penha,235-Loja 03              29055050Protesto após 5 dias                                        000087
1                   000902692011248461-3394                   0000000000000003394700000000002               013394      08041200000000005050000000012N020412000000000000000020000000000000000000000000000000000000000000000111479061000108ANDRADE SOARES LOPES LTDA               Rua Lehar David,05                                  45000445Protesto após 5 dias                                        000088
1                   000902692011248461-3395                   0000000000000003395500000000002               013395      08041200000000500000000000012N020412000000000000001670000000000000000000000000000000000000000000000114834058000145PEREIRA CARREIRO INTERMEDIAÇÃO CARTORARIRua Paulo Leopoldo Marçal,108-B                     27213280Protesto após 5 dias                                        000089
1                   000902692011248461-3228                   0000000000000003228200000000002               063228      12041200000000195000000000012N200312120000000000010000000000000000000000000000000000000000000000000200360305024550104 Caixa Econômica Federal             Avenida Doutor Gastão Vidigal,1437,1437             05314000                                                            000090
9                                                                                                                                                                                                                                                                                                                                                                                                         000091