01REMESSA01COBRANCA       00000000000004130991SISTEMA DE CARTóRIO CERTIDõES 237BRADESCO       041111        MX0000465                                                                                                                                                                                                                                                                                     000001
1                   000902692011248461-2057                   0000000000000002057800000000002               012057      24111100000000260000000000012N031111120000000000000870000000000000000000000000000000000000000000000100360305167904104 Caixa Econômica Federal             Avenida Paulista, ,302                              01310000                                                            000002
1                   000902692011248461-2058                   0000000000000002058600000000002               012058      24111100000001626080000000012N031111120000000000005420000000000000000000000000000000000000000000000207450604000189Bicbanco S/A                            Avenida Paulista , ,1048-12º andar                  01310100                                                            000003
1                   000902692011248461-2059                   0000000000000002059400000000002               012059      13111100000000100000000000012N031111120000000000000330000000000000000000000000000000000000000000000201318126000171DR RAMOS ADVOGADOS ASSOCIADOS.          Rua Voluntários da Pátria ,2540                     02402000                                                            000004
1                   000902692011248461-2060                   0000000000000002060800000000002               012060      13111100000000317780000000012N031111120000000000001060000000000000000000000000000000000000000000000205888414000112CREAÇÕES MX FASHION LIMITADA            Rua Aimorés,210                                     01122010                                                            000005
1                   000902692011248461-2061                   0000000000000002061600000000002               012061      04111100000002000000000000012N031111120000000000006670000000000000000000000000000000000000000000000100019880383834Celso Zapparoli                         Rua José Bonifácio ,278                             01003000                                                            000006
1                   000902692011248461-2062                   0000000000000002062400000000002               012062      14111100000000306000000000012N031111120000000000001020000000000000000000000000000000000000000000000253283180000122Tesheiner Cavassani e Giacomazi AdvogadoRua João Adolfo,118-Conj. 405                       01050020                                                            000007
1                   000902692011248461-2063                   0000000000000002063200000000002               012063      14111100000000343430000000012N031111120000000000001140000000000000000000000000000000000000000000000253283180000122Tesheiner Cavassani e Giacomazi AdvogadoRua João Adolfo,118-Conj. 405                       01050020                                                            000008
1                   000902692011248461-2064                   0000000000000002064000000000002               012064      14111100000000326890000000012N031111120000000000001090000000000000000000000000000000000000000000000253283180000122Tesheiner Cavassani e Giacomazi AdvogadoRua João Adolfo,118-Conj. 405                       01050020                                                            000009
1                   000902692011248461-2065                   0000000000000002065900000000002               012065      14111100000000150000000000012N031111120000000000000500000000000000000000000000000000000000000000000205888414000112CREAÇÕES MX FASHION LIMITADA            Rua Aimorés,210                                     01122010                                                            000010
1                   000902692011248461-2066                   0000000000000002066700000000002               012066      14111100000000356950000000012N031111120000000000001190000000000000000000000000000000000000000000000253283180000122Tesheiner Cavassani e Giacomazi AdvogadoRua João Adolfo,118-Conj. 405                       01050020                                                            000011
1                   000902692011248461-2067                   0000000000000002067500000000002               012067      14111100000000280000000000012N031111120000000000000930000000000000000000000000000000000000000000000203513451000110NERONE DO BRASIL CIA. Securitizadora de Avenida Paulista,726-Sala 1410 - 14º and            01310100                                                            000012
1                   000902692011248461-2068                   0000000000000002068300000000002               012068      16111100000020000000000000012N031111000000000000000000000000000000000000000000000000000000000000000100032241640263SUSIE ELIZABETH TEIXEIRA LAMAS          RUA GUARUJA, 161 - APTO 202                         69914580                                                            000013
1                   000902692011248461-2069                   0000000000000002069100000000002               012069      20121100000020000000000000012N031111000000000000000000000000000000000000000000000000000000000000000100032241640263SUSIE ELIZABETH TEIXEIRA LAMAS          RUA GUARUJA, 161 - APTO 202                         69914580                                                            000014
1                   000902692011248461-2070                   0000000000000002070500000000002               012070      14111100000000232000000000012N031111120000000000000770000000000000000000000000000000000000000000000209624793000194BIANCHINI SOCIEDADE DE ADVOGADOS        Avenida Pedroso de Morais,2315                      05419001                                                            000015
1                   000902692011248461-2071                   0000000000000002071300000000002               012071      14111100000000029900000000012N031111120000000000000100000000000000000000000000000000000000000000000212551876000105GOULART SOCIEDADE DE ADVOGADOS          Rua João Cachoeira,488-Conjunto 408/409             04535011                                                            000016
1                   000902692011248461-2072                   0000000000000002072100000000002               012072      08111100000000185250000000012N031111000000000000000620000000000000000000000000000000000000000000000113293656000191GVN CONSULTORIA E ASSESSORIA CARTORÁRIA Av. Djalma Batista,1905-Lj. 12                      69050010Protesto após 5 dias                                        000017
1                   000902692011248461-2073                   0000000000000002073P00000000002               012073      08111100000000020060000000012N031111000000000000000070000000000000000000000000000000000000000000000111818583000189MARCIA JERONYMA DE MORAES LOPES         Av. Nossa Sra. Auxiliadora,S/N-Quadra 09            74980080Protesto após 5 dias                                        000018
1                   000902692011248461-2074                   0000000000000002074800000000002               012074      08111100000000029500000000012N031111000000000000000100000000000000000000000000000000000000000000000111838860000115M.L. CARDOSO - PRESTAÇÃO DE SERVIÇOS - ERua Luiz Pereira Barreto,304                        16010320Protesto após 5 dias                                        000019
1                   000902692011248461-2075                   0000000000000002075600000000002               012075      08111100000000101500000000012N031111000000000000000340000000000000000000000000000000000000000000000113321680000197Ana Claudia Barbiere Alves Ferreira - MERua São Bento,1688                                  14801300Protesto após 5 dias                                        000020
1                   000902692011248461-2076                   0000000000000002076400000000002               012076      08111100000000011570000000012N031111000000000000000040000000000000000000000000000000000000000000000113078931000154Camargo & Oliveira Assessoria CartoráriaRua Santos Dumont,219                               14300000Protesto após 5 dias                                        000021
1                   000902692011248461-2077                   0000000000000002077200000000002               012077      08111100000000415590000000012N031111000000000000001390000000000000000000000000000000000000000000000111864024000105AGICART - SERVIÇOS DOCUMENTALISTAS INTERRua Afonso Pena,5-47                                17060250Protesto após 5 dias                                        000022
1                   000902692011248461-2078                   0000000000000002078000000000002               012078      08111100000000006250000000012N031111000000000000000020000000000000000000000000000000000000000000000114272122000141F2G ATIVIDADES DE INFORMACOES CADASTRAISRua Dr. Moraes ,565-Loja 02                         66035080Protesto após 5 dias                                        000023
1                   000902692011248461-2079                   0000000000000002079900000000002               012079      08111100000000095390000000012N031111000000000000000320000000000000000000000000000000000000000000000113238744000190ARCHANJO TEIXEIRA PREPARAÇÃO DE DOCUMENTAv. Brasil,1586-Loja 06                             30140003Protesto após 5 dias                                        000024
1                   000902692011248461-2080                   0000000000000002080200000000002               012080      08111100000000051100000000012N031111000000000000000170000000000000000000000000000000000000000000000111564744000155SARAIVA´S CONSULTORIA EMPRESARIAL LTDA  Rua Prefeito José Santana Trigueiro,183             32604188Protesto após 5 dias                                        000025
1                   000902692011248461-2081                   0000000000000002081000000000002               012081      08111100000000037000000000012N031111000000000000000120000000000000000000000000000000000000000000000113619244000107BRAGPOST ASSESSORIA CARTORARIA LTDA     Av. Antonio Pires Pimentel,707                      12914001Protesto após 5 dias                                        000026
1                   000902692011248461-2082                   0000000000000002082900000000002               012082      08111100000000032000000000012N031111000000000000000110000000000000000000000000000000000000000000000113635488000175GARCIA E SANTOS ASSESSORIA CARTORARIA LTRua Raul Veiga,708-Loja B                           28907090Protesto após 5 dias                                        000027
1                   000902692011248461-2083                   0000000000000002083700000000002               012083      08111100000000642840000000012N031111000000000000002140000000000000000000000000000000000000000000000113358931000108RAFAELA FALCATO DE OLIVEIRA EPP         R. Dr. Antônio Alvares Lobo,226                     13020110Protesto após 5 dias                                        000028
1                   000902692011248461-2084                   0000000000000002084500000000002               012084      08111100000000090400000000012N031111000000000000000300000000000000000000000000000000000000000000000111198466000160GOMES & KUNCEVICIUS LTDA ME             Rua Prisciliana de Castilho,374-Sala 06             11660330Protesto após 5 dias                                        000029
1                   000902692011248461-2085                   0000000000000002085300000000002               012085      08111100000000046780000000012N031111000000000000000160000000000000000000000000000000000000000000000111569240000128FLECK ASSESSORIA ADMINISTRATIVA LTDA    Avenida Tancredo Neves,385                          85805000Protesto após 5 dias                                        000030
1                   000902692011248461-2086                   0000000000000002086100000000002               012086      08111100000000157900000000012N031111000000000000000530000000000000000000000000000000000000000000000112761154000185MC PRESTADORA DE SERVIÇOS ADMINISTRATIVORua Marechal José B. Bormann,164 E-Sala             89802120Protesto após 5 dias                                        000031
1                   000902692011248461-2087                   0000000000000002087P00000000002               012087      08111100000000027750000000012N031111000000000000000090000000000000000000000000000000000000000000000112818673000132ADRIANA JUSSARA BENDER - ME             Rua Comandante Costa,718                            78020400Protesto após 5 dias                                        000032
1                   000902692011248461-2088                   0000000000000002088800000000002               012088      08111100000000005750000000012N031111000000000000000020000000000000000000000000000000000000000000000112655472000161CURITIBA ASSESSORIA CARTORARIA LTDA     Rua Tibagi,506                                      80060110Protesto após 5 dias                                        000033
1                   000902692011248461-2089                   0000000000000002089600000000002               012089      08111100000000114500000000012N031111000000000000000380000000000000000000000000000000000000000000000112632803000148RUBIANA SERVIÇOS DE CARTORIO, CERTIDÕES Rua das Esmeraldas,186                              09920520Protesto após 5 dias                                        000034
1                   000902692011248461-2090                   0000000000000002090P00000000002               012090      08111100000000048440000000012N031111000000000000000160000000000000000000000000000000000000000000000113787920000143GAONA E ALVARENGA INTERMEDIAÇÃO CARTORÁRAv. Prefeito Osmar Cunha,183-Bloco B - S            88015900Protesto após 5 dias                                        000035
1                   000902692011248461-2091                   0000000000000002091800000000002               012091      08111100000000038000000000012N031111000000000000000130000000000000000000000000000000000000000000000112498961000157HANNAH ASSESSORIA CARTORÁRIA LTDA       Rua Visconde de Mauá,208-Térreo                     45653260Protesto após 5 dias                                        000036
1                   000902692011248461-2092                   0000000000000002092600000000002               012092      08111100000000084500000000012N031111000000000000000280000000000000000000000000000000000000000000000112162069000109GODOI & GODOY ASSESSORIA CARTORARIA LTDAAv. Francisco de Paula Leite,1699                   13344325Protesto após 5 dias                                        000037
1                   000902692011248461-2093                   0000000000000002093400000000002               012093      08111100000000210220000000012N031111000000000000000700000000000000000000000000000000000000000000000102248702000114MOURA E MENEZES SERVIÇOS ADMINISTRATIVOSRua Dr. Curvelo Cavalcante,189-Loja 315             23810300Protesto após 5 dias                                        000038
1                   000902692011248461-2094                   0000000000000002094200000000002               012094      08111100000000065500000000012N031111000000000000000220000000000000000000000000000000000000000000000113287999000143ASSESSORIA CARTORÁRIA CARMO E PÁDUA LTDAAv. Cardoso Moreira,431-Loja 11                     28300000Protesto após 5 dias                                        000039
1                   000902692011248461-2095                   0000000000000002095000000000002               012095      08111100000000039020000000012N031111000000000000000130000000000000000000000000000000000000000000000114130979000127FORMA LEGAL INTERMEDIACAO CARTORARIA LTDRua Venancio Ayres,459-Piso Inferior                18200013Protesto após 5 dias                                        000040
1                   000902692011248461-2096                   0000000000000002096900000000002               012096      08111100000000105050000000012N031111000000000000000350000000000000000000000000000000000000000000000112443155000181ASSESSORIA E CONSULTORIA CARTORARIA DE DRua Santa Cruz,652                                  13300090Protesto após 5 dias                                        000041
1                   000902692011248461-2097                   0000000000000002097700000000002               012097      08111100000000111500000000012N031111000000000000000370000000000000000000000000000000000000000000000113565373000151ALMEIDA SOUZA & VASQUEZ - APOIO ADMINISTAv. Bernardino de Campos,174                        12308010Protesto após 5 dias                                        000042
1                   000902692011248461-2098                   0000000000000002098500000000002               012098      08111100000000034700000000012N031111000000000000000120000000000000000000000000000000000000000000000112139078000170RW MARIZ ESTRUTURA CARTORAL LTDA        Av Epitácio Pessoa,475-Sala 05                      58030906Protesto após 5 dias                                        000043
1                   000902692011248461-2099                   0000000000000002099300000000002               012099      08111100000000154790000000012N031111000000000000000520000000000000000000000000000000000000000000000112572498000146Alphacentral Documentos e Serviços LTDA Rua Zacarias de Goes,285                            13201800Protesto após 5 dias                                        000044
1                   000902692011248461-2100                   0000000000000002100000000000002               012100      08111100000000313540000000012N0311110000000000000010500000000000000000000000000000000000000000000001112843480001743G7 ASSESSORIA E ORGANIZAÇÃO DE DOCUMENTRua Goiás,1332                                      86020410Protesto após 5 dias                                        000045
1                   000902692011248461-2101                   0000000000000002101900000000002               012101      08111100000000010250000000012N031111000000000000000030000000000000000000000000000000000000000000000111619454000161ASSESSORIA CARTORÁRIA DO NORDESTE LTDA  Av. Moreira e Silva,821A                            57051500Protesto após 5 dias                                        000046
1                   000902692011248461-2102                   0000000000000002102700000000002               012102      08111100000000009000000000012N031111000000000000000030000000000000000000000000000000000000000000000114140265000108JGMC SERVICOS ESPECIALIZADOS DE APOIO ADAvenida Nossa Senhora do Sabará,1348                04686001Protesto após 5 dias                                        000047
1                   000902692011248461-2103                   0000000000000002103500000000002               012103      08111100000000035900000000012N031111000000000000000120000000000000000000000000000000000000000000000111222886000134ELIDA ASSESSORIA EMPRESARIAL LTDA       R. Neo Alves Martins,2955-Sala 03                   87013060Protesto após 5 dias                                        000048
1                   000902692011248461-2104                   0000000000000002104300000000002               012104      08111100000000009900000000012N031111000000000000000030000000000000000000000000000000000000000000000112837049000182TOWER NITEROI SERVIÇOS DE CARTÓRIO E CERRua Visconde de Sepetiba,935-Loja 134               24020206Protesto após 5 dias                                        000049
1                   000902692011248461-2105                   0000000000000002105100000000002               012105      08111100000000672950000000012N031111000000000000002240000000000000000000000000000000000000000000000113133167000172MONARO & FRANCO SERVIÇOS ORGANIZACIONAISRua dos Marianos,132                                06016050Protesto após 5 dias                                        000050
1                   000902692011248461-2106                   0000000000000002106P00000000002               012106      08111100000000033950000000012N031111000000000000000110000000000000000000000000000000000000000000000113622593000170VERA & MARIA SERVIÇOS E ASSESSORIA CARTORua Paraná,629                                      19900021Protesto após 5 dias                                        000051
1                   000902692011248461-2107                   0000000000000002107800000000002               012107      08111100000000002450000000012N031111000000000000000010000000000000000000000000000000000000000000000113743219000122Valentim e Silva Serviços               Praça Antônio Dias,584                              38700110Protesto após 5 dias                                        000052
1                   000902692011248461-2108                   0000000000000002108600000000002               012108      08111100000000018850000000012N031111000000000000000060000000000000000000000000000000000000000000000113845551000106MACEDO & MELO INTERMEDIACOES CARTORARIASRua David Caldas,564-B                              64000190Protesto após 5 dias                                        000053
1                   000902692011248461-2109                   0000000000000002109400000000002               012109      08111100000000124480000000012N031111000000000000000410000000000000000000000000000000000000000000000111253279000131ANDRIETTA & PIVA LTDA                   R. Gov. Pedro de Toledo,569                         13400070Protesto após 5 dias                                        000054
1                   000902692011248461-2110                   0000000000000002110800000000002               012110      08111100000000007030000000012N031111000000000000000020000000000000000000000000000000000000000000000106058057000128CTPOST SERVIÇOS LTDA ME                 Rua Dr. Flores,263/503                              90020122Protesto após 5 dias                                        000055
1                   000902692011248461-2111                   0000000000000002111600000000002               012111      08111100000000004950000000012N031111000000000000000020000000000000000000000000000000000000000000000112462165000164Viviane Aparecida Henriques - EPP       Rua Rui Barbosa,164                                 19010260Protesto após 5 dias                                        000056
1                   000902692011248461-2112                   0000000000000002112400000000002               012112      08111100000000008000000000012N031111000000000000000030000000000000000000000000000000000000000000000111619454000161ASSESSORIA CARTORÁRIA DO NORDESTE LTDA  Av. Conselheiro Rosa e Silva,1460 -Sala             52020220Protesto após 5 dias                                        000057
1                   000902692011248461-2113                   0000000000000002113200000000002               012113      08111100000000010390000000012N031111000000000000000030000000000000000000000000000000000000000000000113800899000179TEIXEIRA CARREIRO INTERMEDIACAO CARTORARRua Luiz Pistarini,74-Loja E                        27541085Protesto após 5 dias                                        000058
1                   000902692011248461-2114                   0000000000000002114000000000002               012114      08111100000000307940000000012N031111000000000000001030000000000000000000000000000000000000000000000111675298000156MORANDO & MORANDO SERVIÇOS TRANSCRIÇÃO DRua Tibiriçá,189                                    14010090Protesto após 5 dias                                        000059
1                   000902692011248461-2115                   0000000000000002115900000000002               012115      08111100000000645600000000012N031111000000000000002150000000000000000000000000000000000000000000000111144435000126M&Z Documentos Cartorários Ltda         R. da Assembléia,10-Lj. Subsl. 112                  20011000Protesto após 5 dias                                        000060
1                   000902692011248461-2116                   0000000000000002116700000000002               012116      08111100000000009840000000012N031111000000000000000030000000000000000000000000000000000000000000000111777632000182CFN ASSESSORIA EM DOCUMENTOS LTDA       R Prefeito Carlos José Carlson,226-CJ 01            09450000Protesto após 5 dias                                        000061
1                   000902692011248461-2117                   0000000000000002117500000000002               012117      08111100000000005170000000012N031111000000000000000020000000000000000000000000000000000000000000000113350598000190CP SERVIÇOS ADMINISTRATIVO LTDA - ME    Rua Arnaldo Estevão de Figueiredo,640               78700150Protesto após 5 dias                                        000062
1                   000902692011248461-2118                   0000000000000002118300000000002               012118      08111100000000051200000000012N031111000000000000000170000000000000000000000000000000000000000000000113576355000175NELSON CARLOS LEME                      Rua 9 de Julho,696                                  13320005Protesto após 5 dias                                        000063
1                   000902692011248461-2119                   0000000000000002119100000000002               012119      08111100000000086500000000012N031111000000000000000290000000000000000000000000000000000000000000000113098867000173ROMI & ZANATTA LTDA - ME                Rua Floriano Peixoto,692                            13450023Protesto após 5 dias                                        000064
1                   000902692011248461-2120                   0000000000000002120500000000002               012120      08111100000000029840000000012N031111000000000000000100000000000000000000000000000000000000000000000113821603000104SPEEDCART APOIO E SERVICOS ADMINISTRATIVRua Amazonas,156                                    09520060Protesto após 5 dias                                        000065
1                   000902692011248461-2121                   0000000000000002121300000000002               012121      08111100000000144650000000012N031111000000000000000480000000000000000000000000000000000000000000000113433192000171CONSULT SERVICE ASSESSORIA CARTORÁRIA LTRua Episcopal,1714-Loja 02                          13560570Protesto após 5 dias                                        000066
1                   000902692011248461-2122                   0000000000000002122100000000002               012122      08111100000000393230000000012N031111000000000000001310000000000000000000000000000000000000000000000111495482000114CATARINENSE ASSESSORIA CARTORÁRIA LTDA  Rua Antônio Scherer,465-Loja 3                      88102090Protesto após 5 dias                                        000067
1                   000902692011248461-2123                   0000000000000002123P00000000002               012123      08111100000002317290000000012N031111000000000000007720000000000000000000000000000000000000000000000110906064000100MAIA SERVIÇOS ADMINISTRATIVOS LTDA      Rua Bernardino de Campos,3180-Loja 04 Ga            15015300Protesto após 5 dias                                        000068
1                   000902692011248461-2124                   0000000000000002124800000000002               012124      08111100000000876390000000012N031111000000000000002920000000000000000000000000000000000000000000000111165549000152D´ VASQUEZ SERVIÇOS CARTORARIOS LTDA - EAv. Dr. João Guilhermino,293                        12210131Protesto após 5 dias                                        000069
1                   000902692011248461-2125                   0000000000000002125600000000002               012125      08111100000000002400000000012N031111000000000000000010000000000000000000000000000000000000000000000114018734000102TEOF LTDA ME                            Rua Barão do Cerro Azul,1851 B                      83025140Protesto após 5 dias                                        000070
1                   000902692011248461-2126                   0000000000000002126400000000002               012126      08111100000000720000000000012N031111000000000000002400000000000000000000000000000000000000000000000111163439000151RF-SERVICOS DE DOCUMENTACAO LTDA.       Av. Mal. Castelo Branco,173-A                       65076090Protesto após 5 dias                                        000071
1                   000902692011248461-2127                   0000000000000002127200000000002               012127      08111100000000348910000000012N031111000000000000001160000000000000000000000000000000000000000000000110999668000148ASSESSORIA E CONSULTORIA DE DOCUMENTOS ER. Leopoldo Machado,242-Loja 02                     18035075Protesto após 5 dias                                        000072
1                   000902692011248461-2128                   0000000000000002128000000000002               012128      08111100000000020250000000012N031111000000000000000070000000000000000000000000000000000000000000000151915072000108Associação Comercial, Industrial e AgropRua Antônio Jorge Chebab,1212                       13170005Protesto após 5 dias                                        000073
1                   000902692011248461-2129                   0000000000000002129900000000002               012129      08111100000000522030000000012N031111000000000000001740000000000000000000000000000000000000000000000111029315000188SUZAN CART CERTIDOES LTDA - ME          Rua Gal. Francisco Glicério,1185                    08674003Protesto após 5 dias                                        000074
1                   000902692011248461-2130                   0000000000000002130200000000002               012130      08111100000000318910000000012N031111000000000000001060000000000000000000000000000000000000000000000111165549000233D´ VASQUEZ SERVIÇOS CARTORARIOS LTDA EPPRua Coronel Augusto Monteiro,650                    12020160Protesto após 5 dias                                        000075
1                   000902692011248461-2131                   0000000000000002131000000000002               012131      08111100000000043220000000012N031111000000000000000140000000000000000000000000000000000000000000000111349928000100MARTINS E AFONSO ASSESSORIA EMPRESARIAL Travessa Ranulfo Feo,36-Sala 106, Ed. Tu            25953650Protesto após 5 dias                                        000076
1                   000902692011248461-2132                   0000000000000002132900000000002               012132      08111100000000039500000000012N031111000000000000000130000000000000000000000000000000000000000000000110918131000106PROCART - PROCESSOS CARTORAIS LTDA      Rua Primeiro de Janeiro,35-Sala 101                 35180032Protesto após 5 dias                                        000077
1                   000902692011248461-2133                   0000000000000002133700000000002               012133      08111100000000029330000000012N031111000000000000000100000000000000000000000000000000000000000000000113406670000154RODRIGUES E VIEIRA LTDA.                208 Sul AV. LO 03-LT 11, ED. VITORIA, Sa            77020542Protesto após 5 dias                                        000078
1                   000902692011248461-2134                   0000000000000002134500000000002               012134      08111100000000546440000000012N031111000000000000001820000000000000000000000000000000000000000000000111834699000101REGIS ORLANDINI ASSESSORIA CARTORARIA LTAv. João Naves de Ávila,81                          38400600Protesto após 5 dias                                        000079
1                   000902692011248461-2135                   0000000000000002135300000000002               012135      08111100000000014280000000012N031111000000000000000050000000000000000000000000000000000000000000000113358931000108RAFAELA FALCATO DE OLIVEIRA - EPP       Rua Antônio Carlos,153-Sala 04                      13270005Protesto após 5 dias                                        000080
1                   000902692011248461-2136                   0000000000000002136100000000002               012136      08111100000000002500000000012N031111000000000000000010000000000000000000000000000000000000000000000108343505000160LUMARTHZ SOLUCOES ADMINISTRATIVAS LTDA -Rua Nove de Julho,430-Lj 03 - Galeria de            13280000Protesto após 5 dias                                        000081
1                   000902692011248461-2137                   0000000000000002137P00000000002               012137      08111100000000186330000000012N031111000000000000000620000000000000000000000000000000000000000000000113372039000181De Paula & França Serviço Privado de IntAv. Nossa Senhora da Penha,235-Loja 03              29055050Protesto após 5 dias                                        000082
1                   000902692011248461-2138                   0000000000000002138800000000002               012138      08111100000000046800000000012N031111000000000000000160000000000000000000000000000000000000000000000111479061000108ANDRADE SOARES LOPES LTDA               Rua Lehar David,05                                  45000445Protesto após 5 dias                                        000083
1                   000902692011248461-2139                   0000000000000002139600000000002               012139      14111100000000076000000000012N041111120000000000000250000000000000000000000000000000000000000000000203723171000137E Cunha Consultoria Empresarial Ltda.   Rua Nova York ,959                                  04560002                                                            000084
1                   000902692011248461-2140                   0000000000000002140P00000000002               012140      14111100000000437000000000012N041111120000000000001460000000000000000000000000000000000000000000000200360305196920104 Caixa Econômica Federal             Alameda Araguaia, 370/380,370/380                   06454400                                                            000085
1                   000902692011248461-2141                   0000000000000002141800000000002               012141      14111100000000192000000000012N041111120000000000000640000000000000000000000000000000000000000000000262232889000190Banco Daycoval S/A                      Avenida Paulista ,1793-02º Andar                    01311200                                                            000086
1                   000902692011248461-2142                   0000000000000002142600000000002               012142      14111100000000475200000000012N041111120000000000001580000000000000000000000000000000000000000000000209624793000194BIANCHINI SOCIEDADE DE ADVOGADOS        Avenida Pedroso de Morais,2315                      05419001                                                            000087
1                   000902692011248461-2143                   0000000000000002143400000000002               012143      14111100000000252000000000012N041111120000000000000840000000000000000000000000000000000000000000000209624793000194BIANCHINI SOCIEDADE DE ADVOGADOS        Avenida Pedroso de Morais,2315                      05419001                                                            000088
1                   000902692011248461-2144                   0000000000000002144200000000002               012144      14111100000000337910000000012N041111120000000000001130000000000000000000000000000000000000000000000253283180000122Tesheiner Cavassani e Giacomazi AdvogadoRua João Adolfo,118-Conj. 405                       01050020                                                            000089
1                   000902692011248461-2145                   0000000000000002145000000000002               012145      14111100000000575000000000012N041111120000000000001920000000000000000000000000000000000000000000000200360305267887104 Caixa Econômica Federal             Rua São Joaquim ,69-5º andar                        01508001                                                            000090
1                   000902692011248461-2146                   0000000000000002146900000000002               012146      21111100000000608000000000012N041111120000000000002030000000000000000000000000000000000000000000000233479023000180BANCO CITIBANK S.A                      Avenida Paulista,,1.111-2º andar                    01311920                                                            000091
1                   000902692011248461-2147                   0000000000000002147700000000002               012147      14111100000000146050000000012N041111120000000000000490000000000000000000000000000000000000000000000201701201034679399 HSBC Bank Brasil S.A. - Banco MultipAvenida Rio das Pedras,341                          03453000                                                            000092
1                   000902692011248461-2006                   0000000000000002006300000000002               062006      25111100000004715360000000012N261011120000000000010000000000000000000000000000000000000000000000000292894922000108BANCO MATONE (Núcleo Consignado RJ - MatAvenida Rio Branco,115-18º andar                    20040004                                                            000093
1                   000902692011248461-1334                   0000000000000001334200000000002               021334      12081100000000280000000000012N020811120000000000010000000000000000000000000000000000000000000000000201318126000171DR RAMOS ADVOGADOS ASSOCIADOS.          Rua Voluntários da Pátria,2540                      02402000                                                            000094
1                   000902692011248461-2051                   0000000000000002051900000000002               062051      18111100000000400000000000012N011111120000000000010000000000000000000000000000000000000000000000000209263012000183Fundo de Investimento em Direitos CreditAvenida Paulista ,1499-19º. Andar                   01311200                                                            000095
9                                                                                                                                                                                                                                                                                                                                                                                                         000096