01REMESSA01COBRANCA       00000000000004130991SISTEMA DE CARTóRIO CERTIDõES 237BRADESCO       040112        MX0000490                                                                                                                                                                                                                                                                                     000001
1                   000902692011248461-2523                   0000000000000002523500000000002               012523      08011200000000219660000000012N030112000000000000000730000000000000000000000000000000000000000000000113293656000191GVN CONSULTORIA E ASSESSORIA CARTORÁRIA Av. Djalma Batista,1905-Lj. 12                      69050010Protesto após 5 dias                                        000002
1                   000902692011248461-2524                   0000000000000002524300000000002               012524      08011200000000010700000000012N030112000000000000000040000000000000000000000000000000000000000000000111838860000115M.L. CARDOSO - PRESTAÇÃO DE SERVIÇOS - ERua Luiz Pereira Barreto,304                        16010320Protesto após 5 dias                                        000003
1                   000902692011248461-2525                   0000000000000002525100000000002               012525      08011200000000030500000000012N030112000000000000000100000000000000000000000000000000000000000000000113321680000197Ana Claudia Barbiere Alves Ferreira - MERua São Bento,1688                                  14801300Protesto após 5 dias                                        000004
1                   000902692011248461-2526                   0000000000000002526P00000000002               012526      08011200000000500000000000012N030112000000000000001670000000000000000000000000000000000000000000000114371927000142AGA3 INTERMEDIACAO CARTORARIA LTDA.     Rua José Alvim,243                                  12940750Protesto após 5 dias                                        000005
1                   000902692011248461-2527                   0000000000000002527800000000002               012527      08011200000000009500000000012N030112000000000000000030000000000000000000000000000000000000000000000111871164000100PANDIN BUENO ASSESSORIA CARTORÁRIA LTDA Rua 20,1014                                         14780070Protesto após 5 dias                                        000006
1                   000902692011248461-2528                   0000000000000002528600000000002               012528      08011200000000004000000000012N030112000000000000000010000000000000000000000000000000000000000000000113078931000154Camargo & Oliveira Assessoria CartoráriaRua Santos Dumont,219                               14300000Protesto após 5 dias                                        000007
1                   000902692011248461-2529                   0000000000000002529400000000002               012529      08011200000000233600000000012N030112000000000000000780000000000000000000000000000000000000000000000111864024000105AGICART - SERVIÇOS DOCUMENTALISTAS INTERRua Afonso Pena,5-47                                17060250Protesto após 5 dias                                        000008
1                   000902692011248461-2530                   0000000000000002530800000000002               012530      08011200000000500000000000012N030112000000000000001670000000000000000000000000000000000000000000000114272122000141F2G ATIVIDADES DE INFORMACOES CADASTRAISRua Dr. Moraes ,565-Loja 02                         66035080Protesto após 5 dias                                        000009
1                   000902692011248461-2531                   0000000000000002531600000000002               012531      08011200000000052500000000012N030112000000000000000180000000000000000000000000000000000000000000000111564744000155SARAIVA´S CONSULTORIA EMPRESARIAL LTDA  Rua Prefeito José Santana Trigueiro,183             32604188Protesto após 5 dias                                        000010
1                   000902692011248461-2532                   0000000000000002532400000000002               012532      08011200000000027260000000012N030112000000000000000090000000000000000000000000000000000000000000000113619244000107BRAGPOST ASSESSORIA CARTORARIA LTDA     Av. Antonio Pires Pimentel,707                      12914001Protesto após 5 dias                                        000011
1                   000902692011248461-2533                   0000000000000002533200000000002               012533      08011200000000024000000000012N030112000000000000000080000000000000000000000000000000000000000000000113635488000175GARCIA E SANTOS ASSESSORIA CARTORARIA LTRua Raul Veiga,708-Loja B                           28907090Protesto após 5 dias                                        000012
1                   000902692011248461-2534                   0000000000000002534000000000002               012534      08011200000000316920000000012N030112000000000000001060000000000000000000000000000000000000000000000113358931000108RAFAELA FALCATO DE OLIVEIRA EPP         R. Dr. Antônio Alvares Lobo,226                     13020110Protesto após 5 dias                                        000013
1                   000902692011248461-2535                   0000000000000002535900000000002               012535      08011200000000016030000000012N030112000000000000000050000000000000000000000000000000000000000000000114342243000112MD PRESTAÇÃO DE SERVIÇOS LTDA ME        Av. Afonso Pena,5420-SL 5 e 6                       79040010Protesto após 5 dias                                        000014
1                   000902692011248461-2536                   0000000000000002536700000000002               012536      08011200000000015500000000012N030112000000000000000050000000000000000000000000000000000000000000000113192551000146SERVICE CART SERVICOS LTDA - ME         Rua Padre Fabiano,637-Sala 03                       13360000Protesto após 5 dias                                        000015
1                   000902692011248461-2537                   0000000000000002537500000000002               012537      08011200000000105500000000012N030112000000000000000350000000000000000000000000000000000000000000000111198466000160GOMES & KUNCEVICIUS LTDA ME             Rua Prisciliana de Castilho,374-Sala 06             11660330Protesto após 5 dias                                        000016
1                   000902692011248461-2538                   0000000000000002538300000000002               012538      08011200000000003620000000012N030112000000000000000010000000000000000000000000000000000000000000000111569240000128FLECK ASSESSORIA ADMINISTRATIVA LTDA    Avenida Tancredo Neves,385                          85805000Protesto após 5 dias                                        000017
1                   000902692011248461-2539                   0000000000000002539100000000002               012539      08011200000000196560000000012N030112000000000000000660000000000000000000000000000000000000000000000112761154000185MC PRESTADORA DE SERVIÇOS ADMINISTRATIVORua Marechal José B. Bormann,164 E-Sala             89802120Protesto após 5 dias                                        000018
1                   000902692011248461-2540                   0000000000000002540500000000002               012540      08011200000000041580000000012N030112000000000000000140000000000000000000000000000000000000000000000112655472000161CURITIBA ASSESSORIA CARTORARIA LTDA     Rua Tibagi,506                                      80060110Protesto após 5 dias                                        000019
1                   000902692011248461-2541                   0000000000000002541300000000002               012541      08011200000000338900000000012N030112000000000000001130000000000000000000000000000000000000000000000112632803000148RUBIANA SERVIÇOS DE CARTORIO, CERTIDÕES Rua das Esmeraldas,186                              09920520Protesto após 5 dias                                        000020
1                   000902692011248461-2542                   0000000000000002542100000000002               012542      08011200000000112260000000012N030112000000000000000370000000000000000000000000000000000000000000000113787920000143GAONA E ALVARENGA INTERMEDIAÇÃO CARTORÁRAv. Prefeito Osmar Cunha,183-Bloco B - S            88015900Protesto após 5 dias                                        000021
1                   000902692011248461-2543                   0000000000000002543P00000000002               012543      08011200000000500000000000012N030112000000000000001670000000000000000000000000000000000000000000000114393975000131NEWA Intermediação Cartorária LTDA-ME   Rua Guaraiúva,775                                   04569002Protesto após 5 dias                                        000022
1                   000902692011248461-2544                   0000000000000002544800000000002               012544      08011200000000500000000000012N030112000000000000001670000000000000000000000000000000000000000000000100000000000000Cartório Postal - Guarulhos - SP        Rua Luiz Faccini,404                                07110000Protesto após 5 dias                                        000023
1                   000902692011248461-2545                   0000000000000002545600000000002               012545      08011200000000016000000000012N030112000000000000000050000000000000000000000000000000000000000000000112498961000157HANNAH ASSESSORIA CARTORÁRIA LTDA       Rua Visconde de Mauá,208-Térreo                     45653260Protesto após 5 dias                                        000024
1                   000902692011248461-2546                   0000000000000002546400000000002               012546      08011200000000113650000000012N030112000000000000000380000000000000000000000000000000000000000000000112162069000109GODOI & GODOY ASSESSORIA CARTORARIA LTDAAv. Francisco de Paula Leite,1699                   13344325Protesto após 5 dias                                        000025
1                   000902692011248461-2547                   0000000000000002547200000000002               012547      08011200000000052850000000012N030112000000000000000180000000000000000000000000000000000000000000000102248702000114MOURA E MENEZES SERVIÇOS ADMINISTRATIVOSRua Dr. Curvelo Cavalcante,189-Loja 315             23810300Protesto após 5 dias                                        000026
1                   000902692011248461-2548                   0000000000000002548000000000002               012548      08011200000000064870000000012N030112000000000000000220000000000000000000000000000000000000000000000113287999000143ASSESSORIA CARTORÁRIA CARMO E PÁDUA LTDAAv. Cardoso Moreira,431-Loja 11                     28300000Protesto após 5 dias                                        000027
1                   000902692011248461-2549                   0000000000000002549900000000002               012549      08011200000000500000000000012N030112000000000000001670000000000000000000000000000000000000000000000114130979000127FORMA LEGAL INTERMEDIACAO CARTORARIA LTDRua Venancio Ayres,459-Piso Inferior                18200013Protesto após 5 dias                                        000028
1                   000902692011248461-2550                   0000000000000002550200000000002               012550      08011200000000087700000000012N030112000000000000000290000000000000000000000000000000000000000000000112443155000181ASSESSORIA E CONSULTORIA CARTORARIA DE DRua Santa Cruz,652                                  13300090Protesto após 5 dias                                        000029
1                   000902692011248461-2551                   0000000000000002551000000000002               012551      08011200000000013700000000012N030112000000000000000050000000000000000000000000000000000000000000000112139078000170RW MARIZ ESTRUTURA CARTORAL LTDA        Av Epitácio Pessoa,475-Sala 05                      58030906Protesto após 5 dias                                        000030
1                   000902692011248461-2552                   0000000000000002552900000000002               012552      08011200000000062080000000012N030112000000000000000210000000000000000000000000000000000000000000000112572498000146Alphacentral Documentos e Serviços LTDA Rua Zacarias de Goes,285                            13201800Protesto após 5 dias                                        000031
1                   000902692011248461-2553                   0000000000000002553700000000002               012553      08011200000000011620000000012N030112000000000000000040000000000000000000000000000000000000000000000113585685000127ASSESSORIA CARTORÁRIA LIMEIRA LTDA ME   Rua Senador Vergueiro ,788                          13480001Protesto após 5 dias                                        000032
1                   000902692011248461-2554                   0000000000000002554500000000002               012554      08011200000000182140000000012N0301120000000000000006100000000000000000000000000000000000000000000001112843480001743G7 ASSESSORIA E ORGANIZAÇÃO DE DOCUMENTRua Goiás,1332                                      86020410Protesto após 5 dias                                        000033
1                   000902692011248461-2555                   0000000000000002555300000000002               012555      08011200000000500000000000012N030112000000000000001670000000000000000000000000000000000000000000000114374798000146RAFAEL MROZINSKI ME                     Av. Rio Grande do Sul,193 S-Sala 02                 78455000Protesto após 5 dias                                        000034
1                   000902692011248461-2556                   0000000000000002556100000000002               012556      08011200000000500000000000012N030112000000000000001670000000000000000000000000000000000000000000000114140265000108JGMC SERVICOS ESPECIALIZADOS DE APOIO ADAvenida Nossa Senhora do Sabará,1348                04686001Protesto após 5 dias                                        000035
1                   000902692011248461-2557                   0000000000000002557P00000000002               012557      08011200000000064440000000012N030112000000000000000210000000000000000000000000000000000000000000000111222886000134ELIDA ASSESSORIA EMPRESARIAL LTDA       R. Neo Alves Martins,2955-Sala 03                   87013060Protesto após 5 dias                                        000036
1                   000902692011248461-2558                   0000000000000002558800000000002               012558      08011200000000500000000000012N030112000000000000001670000000000000000000000000000000000000000000000114456232000163RENATA GLORIA DE ALMEIDA ME             Rua Juscelino K. de Oliveira,763                    37580000Protesto após 5 dias                                        000037
1                   000902692011248461-2559                   0000000000000002559600000000002               012559      08011200000000008400000000012N030112000000000000000030000000000000000000000000000000000000000000000113368243000129SUCESSO ASSESSORIA CARTORARIA LTDA - ME Av. Cula Mangabeira,744                             39400780Protesto após 5 dias                                        000038
1                   000902692011248461-2560                   0000000000000002560P00000000002               012560      08011200000000011000000000012N030112000000000000000040000000000000000000000000000000000000000000000112837049000182TOWER NITEROI SERVIÇOS DE CARTÓRIO E CERRua Visconde de Sepetiba,935-Loja 134               24020206Protesto após 5 dias                                        000039
1                   000902692011248461-2561                   0000000000000002561800000000002               012561      08011200000000024750000000012N030112000000000000000080000000000000000000000000000000000000000000000114380673000129IGUACU POSTAL LTDA ME                   Rua Dr. Barros Junior,272-Loja 05                   26210300Protesto após 5 dias                                        000040
1                   000902692011248461-2562                   0000000000000002562600000000002               012562      08011200000000439200000000012N030112000000000000001460000000000000000000000000000000000000000000000113133167000172MONARO & FRANCO SERVIÇOS ORGANIZACIONAISRua dos Marianos,132                                06016050Protesto após 5 dias                                        000041
1                   000902692011248461-2563                   0000000000000002563400000000002               012563      08011200000000040250000000012N030112000000000000000130000000000000000000000000000000000000000000000113622593000170VERA & MARIA SERVIÇOS E ASSESSORIA CARTORua Paraná,629                                      19900021Protesto após 5 dias                                        000042
1                   000902692011248461-2564                   0000000000000002564200000000002               012564      08011200000000500000000000012N030112000000000000001670000000000000000000000000000000000000000000000113969109000183CAVALCANTE & CRUZ INTERMEDIACAO CARTORARAv. Getulio Vargas,139                              58400052Protesto após 5 dias                                        000043
1                   000902692011248461-2565                   0000000000000002565000000000002               012565      08011200000000020400000000012N030112000000000000000070000000000000000000000000000000000000000000000113743219000122Valentim e Silva Serviços               Praça Antônio Dias,584                              38700110Protesto após 5 dias                                        000044
1                   000902692011248461-2566                   0000000000000002566900000000002               012566      08011200000000500000000000012N030112000000000000001670000000000000000000000000000000000000000000000126069567000108JPS SERVIÇOS LTDA ME                    Rua Apinajés,1100-Cj. 501                           05017000Protesto após 5 dias                                        000045
1                   000902692011248461-2567                   0000000000000002567700000000002               012567      08011200000000500000000000012N030112000000000000001670000000000000000000000000000000000000000000000113845551000106MACEDO & MELO INTERMEDIACOES CARTORARIASRua David Caldas,564-B                              64000190Protesto após 5 dias                                        000046
1                   000902692011248461-2568                   0000000000000002568500000000002               012568      08011200000000262630000000012N030112000000000000000880000000000000000000000000000000000000000000000111253279000131ANDRIETTA & PIVA LTDA                   R. Gov. Pedro de Toledo,569                         13400070Protesto após 5 dias                                        000047
1                   000902692011248461-2569                   0000000000000002569300000000002               012569      08011200000000024420000000012N030112000000000000000080000000000000000000000000000000000000000000000112462165000164Viviane Aparecida Henriques - EPP       Rua Rui Barbosa,164                                 19010260Protesto após 5 dias                                        000048
1                   000902692011248461-2570                   0000000000000002570700000000002               012570      08011200000000025600000000012N030112000000000000000090000000000000000000000000000000000000000000000111619454000161ASSESSORIA CARTORÁRIA DO NORDESTE LTDA  Av. Conselheiro Rosa e Silva,1460 -Sala             52020220Protesto após 5 dias                                        000049
1                   000902692011248461-2571                   0000000000000002571500000000002               012571      08011200000000090370000000012N030112000000000000000300000000000000000000000000000000000000000000000113800899000179TEIXEIRA CARREIRO INTERMEDIACAO CARTORARRua Luiz Pistarini,74-Loja E                        27542090Protesto após 5 dias                                        000050
1                   000902692011248461-2572                   0000000000000002572300000000002               012572      08011200000000159180000000012N030112000000000000000530000000000000000000000000000000000000000000000111675298000156MORANDO & MORANDO SERVIÇOS TRANSCRIÇÃO DRua Tibiriçá,189                                    14010090Protesto após 5 dias                                        000051
1                   000902692011248461-2573                   0000000000000002573100000000002               012573      08011200000000622460000000012N030112000000000000002070000000000000000000000000000000000000000000000111144435000126M&Z Documentos Cartorários Ltda         R. da Assembléia,10-Lj. Subsl. 112                  20011000Protesto após 5 dias                                        000052
1                   000902692011248461-2574                   0000000000000002574P00000000002               012574      08011200000000030010000000012N030112000000000000000100000000000000000000000000000000000000000000000111777632000182CFN ASSESSORIA EM DOCUMENTOS LTDA       R Prefeito Carlos José Carlson,226-CJ 01            09450000Protesto após 5 dias                                        000053
1                   000902692011248461-2575                   0000000000000002575800000000002               012575      08011200000000019550000000012N030112000000000000000070000000000000000000000000000000000000000000000113350598000190CP SERVIÇOS ADMINISTRATIVO LTDA - ME    Rua Arnaldo Estevão de Figueiredo,640               78700150Protesto após 5 dias                                        000054
1                   000902692011248461-2576                   0000000000000002576600000000002               012576      08011200000000010430000000012N030112000000000000000030000000000000000000000000000000000000000000000113576355000175NELSON CARLOS LEME                      Rua 9 de Julho,696                                  13320005Protesto após 5 dias                                        000055
1                   000902692011248461-2577                   0000000000000002577400000000002               012577      08011200000000028870000000012N030112000000000000000100000000000000000000000000000000000000000000000111419746000150AMA - ESTRUTURA CARTORAL LTDA - EPP     R. das Alfazemas,752-Loja 01 e 28 Shoppi            41820710Protesto após 5 dias                                        000056
1                   000902692011248461-2578                   0000000000000002578200000000002               012578      08011200000000171020000000012N030112000000000000000570000000000000000000000000000000000000000000000113098867000173ROMI & ZANATTA LTDA - ME                Rua Floriano Peixoto,692                            13450023Protesto após 5 dias                                        000057
1                   000902692011248461-2579                   0000000000000002579000000000002               012579      08011200000000090650000000012N030112000000000000000300000000000000000000000000000000000000000000000108854020000131M.V. FRANZOSO – SOLUCOES EMPRESARIAIS – Rua Rio Branco,483                                  09710090Protesto após 5 dias                                        000058
1                   000902692011248461-2580                   0000000000000002580400000000002               012580      08011200000000052540000000012N030112000000000000000180000000000000000000000000000000000000000000000113821603000104SPEEDCART APOIO E SERVICOS ADMINISTRATIVRua Amazonas,156                                    09520060Protesto após 5 dias                                        000059
1                   000902692011248461-2581                   0000000000000002581200000000002               012581      08011200000000034550000000012N030112000000000000000120000000000000000000000000000000000000000000000113433192000171CONSULT SERVICE ASSESSORIA CARTORÁRIA LTRua Episcopal,1714-Loja 02                          13560570Protesto após 5 dias                                        000060
1                   000902692011248461-2582                   0000000000000002582000000000002               012582      08011200000002919510000000012N030112000000000000009730000000000000000000000000000000000000000000000110906064000100MAIA SERVIÇOS ADMINISTRATIVOS LTDA      Rua Bernardino de Campos,3180-Loja 04 Ga            15015300Protesto após 5 dias                                        000061
1                   000902692011248461-2583                   0000000000000002583900000000002               012583      08011200000000579170000000012N030112000000000000001930000000000000000000000000000000000000000000000111165549000152D´ VASQUEZ SERVIÇOS CARTORARIOS LTDA - EAv. Dr. João Guilhermino,293                        12210131Protesto após 5 dias                                        000062
1                   000902692011248461-2584                   0000000000000002584700000000002               012584      08011200000000002750000000012N030112000000000000000010000000000000000000000000000000000000000000000114018734000102TEOF LTDA ME                            Rua Barão do Cerro Azul,1851 B                      83025140Protesto após 5 dias                                        000063
1                   000902692011248461-2585                   0000000000000002585500000000002               012585      08011200000001257470000000012N030112000000000000004190000000000000000000000000000000000000000000000111163439000151RF-SERVICOS DE DOCUMENTACAO LTDA.       Av. Mal. Castelo Branco,173-A                       65076090Protesto após 5 dias                                        000064
1                   000902692011248461-2586                   0000000000000002586300000000002               012586      08011200000000007430000000012N030112000000000000000020000000000000000000000000000000000000000000000110999668000148ASSESSORIA E CONSULTORIA DE DOCUMENTOS ER. Leopoldo Machado,242-Loja 02                     18035075Protesto após 5 dias                                        000065
1                   000902692011248461-2587                   0000000000000002587100000000002               012587      08011200000000006500000000012N030112000000000000000020000000000000000000000000000000000000000000000151915072000108Associação Comercial, Industrial e AgropRua Antônio Jorge Chebab,1212                       13170005Protesto após 5 dias                                        000066
1                   000902692011248461-2588                   0000000000000002588P00000000002               012588      08011200000000291420000000012N030112000000000000000970000000000000000000000000000000000000000000000111029315000188SUZAN CART CERTIDOES LTDA - ME          Rua Gal. Francisco Glicério,1185                    08674003Protesto após 5 dias                                        000067
1                   000902692011248461-2589                   0000000000000002589800000000002               012589      08011200000000500000000000012N030112000000000000001670000000000000000000000000000000000000000000000114282003000170GIRA MUNDO INTERMEDIAÇÃO CARTORÁRIA LTDARua Tijuco Preto,278-Térreo                         03316000Protesto após 5 dias                                        000068
1                   000902692011248461-2590                   0000000000000002590100000000002               012590      08011200000000199330000000012N030112000000000000000660000000000000000000000000000000000000000000000111165549000233D´ VASQUEZ SERVIÇOS CARTORARIOS LTDA EPPRua Coronel Augusto Monteiro,650                    12020160Protesto após 5 dias                                        000069
1                   000902692011248461-2591                   0000000000000002591P00000000002               012591      08011200000000099810000000012N030112000000000000000330000000000000000000000000000000000000000000000111349928000100MARTINS E AFONSO ASSESSORIA EMPRESARIAL Travessa Ranulfo Feo,36-Sala 106, Ed. Tu            25953650Protesto após 5 dias                                        000070
1                   000902692011248461-2592                   0000000000000002592800000000002               012592      08011200000000040000000000012N030112000000000000000130000000000000000000000000000000000000000000000110918131000106PROCART - PROCESSOS CARTORAIS LTDA      Rua Primeiro de Janeiro,35-Sala 101                 35180032Protesto após 5 dias                                        000071
1                   000902692011248461-2593                   0000000000000002593600000000002               012593      08011200000000410140000000012N030112000000000000001370000000000000000000000000000000000000000000000113406670000154RODRIGUES E VIEIRA LTDA.                208 Sul AV. LO 03-LT 11, ED. VITORIA, Sa            77020542Protesto após 5 dias                                        000072
1                   000902692011248461-2594                   0000000000000002594400000000002               012594      08011200000000500000000000012N030112000000000000001670000000000000000000000000000000000000000000000114567761000134ABEN INTERMEDIACAO CARTORARIA LTDA ME   Rua Coronel Manoel Borges,321                       38010410Protesto após 5 dias                                        000073
1                   000902692011248461-2595                   0000000000000002595200000000002               012595      08011200000000586140000000012N030112000000000000001950000000000000000000000000000000000000000000000111834699000101REGIS ORLANDINI ASSESSORIA CARTORARIA LTAv. João Naves de Ávila,81                          38400600Protesto após 5 dias                                        000074
1                   000902692011248461-2596                   0000000000000002596000000000002               012596      08011200000000500000000000012N030112000000000000001670000000000000000000000000000000000000000000000114395950000177VILARONGA REPRESENTACOES E INTERMEDIACOERua José Gonçalves Pereira,35-LJ 1                  37010500Protesto após 5 dias                                        000075
1                   000902692011248461-2597                   0000000000000002597900000000002               012597      08011200000000500000000000012N030112000000000000001670000000000000000000000000000000000000000000000108343505000160LUMARTHZ SOLUCOES ADMINISTRATIVAS LTDA -Rua Nove de Julho,430-Lj 03 - Galeria de            13280000Protesto após 5 dias                                        000076
1                   000902692011248461-2598                   0000000000000002598700000000002               012598      08011200000000395190000000012N030112000000000000001320000000000000000000000000000000000000000000000113372039000181De Paula & França Serviço Privado de IntAv. Nossa Senhora da Penha,235-Loja 03              29055050Protesto após 5 dias                                        000077
1                   000902692011248461-2599                   0000000000000002599500000000002               012599      08011200000000003000000000012N030112000000000000000010000000000000000000000000000000000000000000000111479061000108ANDRADE SOARES LOPES LTDA               Rua Lehar David,05                                  45000445Protesto após 5 dias                                        000078
1                   000902692011248461-2600                   0000000000000002600200000000002               012600      16011200000000086000000000012N0401121200000000000002900000000000000000000000000000000000000000000002000000006694071 Banco do Brasil S.A.                  Largo Sete de Setembro,S/N-(dentro do Fó            01501050                                                            000079
1                   000902692011248461-2601                   0000000000000002601000000000002               012601      16011200000000334050000000012N040112120000000000001110000000000000000000000000000000000000000000000253283180000122Tesheiner Cavassani e Giacomazi AdvogadoRua João Adolfo,118-Conj. 405                       01050020                                                            000080
1                   000902692011248461-2602                   0000000000000002602900000000002               012602      16011200000000277140000000012N040112120000000000000920000000000000000000000000000000000000000000000253283180000122Tesheiner Cavassani e Giacomazi AdvogadoRua João Adolfo,118-Conj. 405                       01050020                                                            000081
1                   000902692011248461-2603                   0000000000000002603700000000002               012603      16011200000000359070000000012N040112120000000000001200000000000000000000000000000000000000000000000253283180000122Tesheiner Cavassani e Giacomazi AdvogadoRua João Adolfo,118-Conj. 405                       01050020                                                            000082
1                   000902692011248461-2604                   0000000000000002604500000000002               012604      31011200000000280000000000012N040112120000000000000930000000000000000000000000000000000000000000000100034394754844MULTIPLUS S/A                           Avenida das Nações Unidas,12901-21° anda            04578910                                                            000083
1                   000902692011248461-2605                   0000000000000002605300000000002               012605      31011200000000345000000000012N040112120000000000000000000000000000000000000000000000000000000000000211094546000175MULTIPLUS S/A                           Avenida das Nações Unidas,12901-21° anda            04578910                                                            000084
1                   000902692011248461-2501                   0000000000000002501400000000002               022501      06011200000000065000000000012N271211120000000000010000000000000000000000000000000000000000000000000100034394754844Beatriz Pontes                          Avenida das Nações Unidas,12901-21° anda            04578910                                                            000085
1                   000902692011248461-2502                   0000000000000002502200000000002               022502      06011200000000200000000000012N271211120000000000010000000000000000000000000000000000000000000000000100034394754844Beatriz Pontes                          Avenida das Nações Unidas,12901-21° anda            04578910                                                            000086
9                                                                                                                                                                                                                                                                                                                                                                                                         000087