01REMESSA01COBRANCA       00000000000004130991SISTEMA DE CARTóRIO CERTIDõES 237BRADESCO       040711        MX0000396                                                                                                                                                                                                                                                                                     000001
1                   000902692011248461-999                    0000000000000000999P00000000002               01999       08071100000000010000000000012N030711000000000000000030000000000000000000000000000000000000000000000113293656000191GVN CONSULTORIA E ASSESSORIA CARTORÁRIA Av. Djalma Batista,1905-Lj. 12                      69050010Protesto após 5 dias                                        000002
1                   000902692011248461-1000                   0000000000000001000900000000002               011000      08071100000000003310000000012N030711000000000000000010000000000000000000000000000000000000000000000111818583000189MARCIA JERONYMA DE MORAES LOPES         Av. Nossa Sra. Auxiliadora,S/N-Quadra 09            74980080Protesto após 5 dias                                        000003
1                   000902692011248461-1001                   0000000000000001001700000000002               011001      08071100000000044750000000012N030711000000000000000150000000000000000000000000000000000000000000000111838860000115M.L. CARDOSO - PRESTAÇÃO DE SERVIÇOS - ERua Luiz Pereira Barreto,304                        16010320Protesto após 5 dias                                        000004
1                   000902692011248461-1002                   0000000000000001002500000000002               011002      08071100000000074300000000012N030711000000000000000250000000000000000000000000000000000000000000000113321680000197Ana Claudia Barbiere Alves Ferreira     Rua São Bento,1688                                  14801300Protesto após 5 dias                                        000005
1                   000902692011248461-1003                   0000000000000001003300000000002               011003      08071100000000008500000000012N030711000000000000000030000000000000000000000000000000000000000000000111871164000100PANDIN BUENO ASSESSORIA CARTORÁRIA LTDA Rua 20,1014                                         14780070Protesto após 5 dias                                        000006
1                   000902692011248461-1004                   0000000000000001004100000000002               011004      08071100000000003470000000012N030711000000000000000010000000000000000000000000000000000000000000000113078931000154Camargo & Oliveira Assessoria CartoráriaRua Santos Dumont,219                               14300000Protesto após 5 dias                                        000007
1                   000902692011248461-1005                   0000000000000001005P00000000002               011005      08071100000000158250000000012N030711000000000000000530000000000000000000000000000000000000000000000111864024000105AGICART - SERVIÇOS DOCUMENTALISTAS INTERRua Afonso Pena,5-47                                17060250Protesto após 5 dias                                        000008
1                   000902692011248461-1006                   0000000000000001006800000000002               011006      08071100000000001730000000012N030711000000000000000010000000000000000000000000000000000000000000000113238744000190ARCHANJO TEIXEIRA PREPARAÇÃO DE DOCUMENTAv. Brasil,1586-Loja 06                             30140003Protesto após 5 dias                                        000009
1                   000902692011248461-1007                   0000000000000001007600000000002               011007      08071100000000011000000000012N030711000000000000000040000000000000000000000000000000000000000000000111564744000155SARAIVA´S CONSULTORIA EMPRESARIAL LTDA  Rua Prefeito José Santana Trigueiro,183             32604188Protesto após 5 dias                                        000010
1                   000902692011248461-1008                   0000000000000001008400000000002               011008      08071100000000019400000000012N030711000000000000000060000000000000000000000000000000000000000000000113619244000107BRAGPOST ASSESSORIA CARTORARIA LTDA     Av. Antonio Pires Pimentel,707                      12914001Protesto após 5 dias                                        000011
1                   000902692011248461-1009                   0000000000000001009200000000002               011009      08071100000002000000000000012N030711000000000000006670000000000000000000000000000000000000000000000112196193000187BR ASSESSORIA CARTORARIA LTDA           CLSW,101-Bloco C, Loja 73                           70670503Protesto após 5 dias                                        000012
1                   000902692011248461-1010                   0000000000000001010600000000002               011010      08071100000000290350000000012N030711000000000000000970000000000000000000000000000000000000000000000111067223000192REIS & CONDE LTDA                       R. Dr. Antônio Alvares Lobo,226                     13020110Protesto após 5 dias                                        000013
1                   000902692011248461-1011                   0000000000000001011400000000002               011011      08071100000000006500000000012N030711000000000000000020000000000000000000000000000000000000000000000113192551000146Cartório Postal - Capivari - SP         Rua Padre Fabiano,637-Sala 03                       13360000Protesto após 5 dias                                        000014
1                   000902692011248461-1012                   0000000000000001012200000000002               011012      08071100000000070500000000012N030711000000000000000240000000000000000000000000000000000000000000000111198466000160GOMES & KUNCEVICIUS LTDA ME             Rua Prisciliana de Castilho,374-Sala 06             11660330Protesto após 5 dias                                        000015
1                   000902692011248461-1013                   0000000000000001013000000000002               011013      08071100000000011040000000012N030711000000000000000040000000000000000000000000000000000000000000000111569240000128FLECK ASSESSORIA ADMINISTRATIVA LTDA    Avenida Tancredo Neves,385                          85805000Protesto após 5 dias                                        000016
1                   000902692011248461-1014                   0000000000000001014900000000002               011014      08071100000000272850000000012N030711000000000000000910000000000000000000000000000000000000000000000112761154000185MC PRESTADORA DE SERVIÇOS ADMINISTRATIVORua Marechal José B. Bormann,164 E-Sala             89802120Protesto após 5 dias                                        000017
1                   000902692011248461-1015                   0000000000000001015700000000002               011015      08071100000000009150000000012N030711000000000000000030000000000000000000000000000000000000000000000112818673000132ADRIANA JUSSARA BENDER - ME             Rua Comandante Costa,718                            78020400Protesto após 5 dias                                        000018
1                   000902692011248461-1016                   0000000000000001016500000000002               011016      08071100000000006850000000012N030711000000000000000020000000000000000000000000000000000000000000000112655472000161CURITIBA ASSESSORIA CARTORARIA LTDA     Rua Tibagi,506                                      80060110Protesto após 5 dias                                        000019
1                   000902692011248461-1017                   0000000000000001017300000000002               011017      08071100000000233190000000012N030711000000000000000780000000000000000000000000000000000000000000000112632803000148RUBIANA SERVIÇOS DE CARTORIO, CERTIDÕES Rua das Esmeraldas,186                              09920520Protesto após 5 dias                                        000020
1                   000902692011248461-1018                   0000000000000001018100000000002               011018      08071100000000018300000000012N030711000000000000000060000000000000000000000000000000000000000000000112349493000159CAVALHEIRO ZANCHETA ASSESSORIA CARTORÁRIRua Onofre Pereira de Matos,1722-Centro             79802010Protesto após 5 dias                                        000021
1                   000902692011248461-1019                   0000000000000001019P00000000002               011019      08071100000000027620000000012N030711000000000000000090000000000000000000000000000000000000000000000113372039000181De Paula & França Serviço Privado de IntAv. Nossa Senhora da Penha,235-Loja 03              29055050Protesto após 5 dias                                        000022
1                   000902692011248461-1020                   0000000000000001020300000000002               011020      08071100000000079400000000012N030711000000000000000260000000000000000000000000000000000000000000000108289469000102RGC SERVIÇOS E CONSULTORIA LTDA         Av. Barão de Cotegipe,1088-Sala 100                 44001170Protesto após 5 dias                                        000023
1                   000902692011248461-1021                   0000000000000001021100000000002               011021      08071100000000768650000000012N030711000000000000002560000000000000000000000000000000000000000000000110946715000195BASA SERVICOS EM CARTORIOS LTDA - ME    R. Luiz Faccine,404                                 07110000Protesto após 5 dias                                        000024
1                   000902692011248461-1022                   0000000000000001022P00000000002               011022      08071100000000015870000000012N030711000000000000000050000000000000000000000000000000000000000000000113417036000117ASSESSORIA CARTORARIA HORTOLANDIA LTDA  Rua João Camilo de Camargo,289                      13184290Protesto após 5 dias                                        000025
1                   000902692011248461-1023                   0000000000000001023800000000002               011023      08071100000000028000000000012N030711000000000000000090000000000000000000000000000000000000000000000112498961000157HANNAH ASSESSORIA CARTORÁRIA LTDA       Rua Visconde de Mauá,208-Térreo                     45653260Protesto após 5 dias                                        000026
1                   000902692011248461-1024                   0000000000000001024600000000002               011024      08071100000000215070000000012N030711000000000000000720000000000000000000000000000000000000000000000112162069000109GODOI & GODOY ASSESSORIA CARTORARIA LTDAAv. Francisco de Paula Leite,1699                   13344325Protesto após 5 dias                                        000027
1                   000902692011248461-1025                   0000000000000001025400000000002               011025      08071100000001000000000000012N030711000000000000003330000000000000000000000000000000000000000000000112354736000147SANTOS HAVELANGE ASSESSORIA CARTORÁRIA LRua Adolfo Maron,28-ANDAR 1                         45600002Protesto após 5 dias                                        000028
1                   000902692011248461-1026                   0000000000000001026200000000002               011026      08071100000000047500000000012N030711000000000000000160000000000000000000000000000000000000000000000102248702000114MOURA E MENEZES SERVIÇOS ADMINISTRATIVOSRua Dr. Curvelo Cavalcante,189-Loja 315             23810300Protesto após 5 dias                                        000029
1                   000902692011248461-1027                   0000000000000001027000000000002               011027      08071100000000008000000000012N030711000000000000000030000000000000000000000000000000000000000000000113287999000143ASSESSORIA CARTORÁRIA CARMO E PÁDUA LTDAAv. Cardoso Moreira,431-Loja 11                     28300000Protesto após 5 dias                                        000030
1                   000902692011248461-1028                   0000000000000001028900000000002               011028      08071100000000018050000000012N030711000000000000000060000000000000000000000000000000000000000000000112443155000181ASSESSORIA E CONSULTORIA CARTORARIA DE DRua Santa Cruz,652                                  13300090Protesto após 5 dias                                        000031
1                   000902692011248461-1029                   0000000000000001029700000000002               011029      08071100000000003250000000012N030711000000000000000010000000000000000000000000000000000000000000000113565373000151ALMEIDA SOUZA & VASQUEZ - APOIO ADMINISTAv. Bernardino de Campos,174                        12308010Protesto após 5 dias                                        000032
1                   000902692011248461-1030                   0000000000000001030000000000002               011030      08071100000000002750000000012N030711000000000000000010000000000000000000000000000000000000000000000112139078000170RW MARIZ ESTRUTURA CARTORAL LTDA        Av Epitácio Pessoa,475-Sala 05                      58030906Protesto após 5 dias                                        000033
1                   000902692011248461-1031                   0000000000000001031900000000002               011031      08071100000000445470000000012N030711000000000000001480000000000000000000000000000000000000000000000112572498000146Alphacentral Documentos e Serviços LTDA Rua Zacarias de Goes,285                            13201800Protesto após 5 dias                                        000034
1                   000902692011248461-1032                   0000000000000001032700000000002               011032      08071100000001500000000000012N030711000000000000005000000000000000000000000000000000000000000000000111425648000126D. QUADRO SISTEMAS DECUMENTAIS LTDA     Av. Senador Alberto Pasqualini,151-Sala             95900000Protesto após 5 dias                                        000035
1                   000902692011248461-1033                   0000000000000001033500000000002               011033      08071100000000166220000000012N0307110000000000000005500000000000000000000000000000000000000000000001112843480001743G7 ASSESSORIA E ORGANIZAÇÃO DE DOCUMENTRua Goiás,1332                                      86020410Protesto após 5 dias                                        000036
1                   000902692011248461-1034                   0000000000000001034300000000002               011034      08071100000000014900000000012N030711000000000000000050000000000000000000000000000000000000000000000111619454000161ASSESSORIA CARTORÁRIA DO NORDESTE LTDA  Av. Moreira e Silva,821A                            57051500Protesto após 5 dias                                        000037
1                   000902692011248461-1035                   0000000000000001035100000000002               011035      08071100000000087680000000012N030711000000000000000290000000000000000000000000000000000000000000000111222886000134ELIDA ASSESSORIA EMPRESARIAL LTDA       R. Neo Alves Martins,2955-Sala 03                   87013060Protesto após 5 dias                                        000038
1                   000902692011248461-1036                   0000000000000001036P00000000002               011036      08071100000000040000000000012N030711000000000000000130000000000000000000000000000000000000000000000112837049000182TOWER NITEROI SERVIÇOS DE CARTÓRIO E CERRua Visconde de Sepetiba,935-Loja 134               24020206Protesto após 5 dias                                        000039
1                   000902692011248461-1037                   0000000000000001037800000000002               011037      08071100000001500000000000012N030711000000000000005000000000000000000000000000000000000000000000000111253122000106AA ASSESSORIA & SERVIÇOS EMPRESARIAIS LTRua São João,454                                    15400000Protesto após 5 dias                                        000040
1                   000902692011248461-1038                   0000000000000001038600000000002               011038      08071100000000228060000000012N030711000000000000000760000000000000000000000000000000000000000000000113133167000172MONARO & FRANCO SERVIÇOS ORGANIZACIONAISRua dos Marianos,132                                06016050Protesto após 5 dias                                        000041
1                   000902692011248461-1039                   0000000000000001039400000000002               011039      08071100000000013500000000012N030711000000000000000050000000000000000000000000000000000000000000000113622593000170VERA & MARIA SERVIÇOS E ASSESSORIA CARTORua Paraná,629                                      19900021Protesto após 5 dias                                        000042
1                   000902692011248461-1040                   0000000000000001040800000000002               011040      08071100000000168520000000012N030711000000000000000560000000000000000000000000000000000000000000000111253279000131ANDRIETTA & PIVA LTDA                   R. Gov. Pedro de Toledo,569                         13400070Protesto após 5 dias                                        000043
1                   000902692011248461-1041                   0000000000000001041600000000002               011041      08071100000000342670000000012N030711000000000000001140000000000000000000000000000000000000000000000106058057000128CTPOST SERVIÇOS LTDA ME                 Rua Dr. Flores,263/503                              90020122Protesto após 5 dias                                        000044
1                   000902692011248461-1042                   0000000000000001042400000000002               011042      08071100000000011000000000012N030711000000000000000040000000000000000000000000000000000000000000000112462165000164Viviane Aparecida Henriques - EPP       Rua Rui Barbosa,164                                 19010260Protesto após 5 dias                                        000045
1                   000902692011248461-1043                   0000000000000001043200000000002               011043      08071100000000152040000000012N030711000000000000000510000000000000000000000000000000000000000000000111144435000126PATRÍCIO DOCUMENTOS CARTORARIOS LTDA ME R. da Assembléia,10-Lj. Subsl. 112                  20011000Protesto após 5 dias                                        000046
1                   000902692011248461-1044                   0000000000000001044000000000002               011044      08071100000000016850000000012N030711000000000000000060000000000000000000000000000000000000000000000100000000000000ROSANA AUXILIADORA FALCÃO GARCIA GUIMARÃRua Arnaldo Estevão de Figueiredo                   78700150Protesto após 5 dias                                        000047
1                   000902692011248461-1045                   0000000000000001045900000000002               011045      08071100000001500000000000012N030711000000000000005000000000000000000000000000000000000000000000000111419746000150AMA - ESTRUTURA CARTORAL LTDA - EPP     R. das Alfazemas,752-Loja 01 e 28 Shoppi            41820710Protesto após 5 dias                                        000048
1                   000902692011248461-1046                   0000000000000001046700000000002               011046      08071100000000144480000000012N030711000000000000000480000000000000000000000000000000000000000000000113098867000173ROMI & ZANATTA LTDA - ME                Rua Floriano Peixoto,692                            13450023Protesto após 5 dias                                        000049
1                   000902692011248461-1047                   0000000000000001047500000000002               011047      08071100000000172460000000012N030711000000000000000570000000000000000000000000000000000000000000000108854020000131M.V. FRANZOSO – SOLUCOES EMPRESARIAIS – Rua Rio Branco,483                                  09710090Protesto após 5 dias                                        000050
1                   000902692011248461-1048                   0000000000000001048300000000002               011048      08071100000000305310000000012N030711000000000000001020000000000000000000000000000000000000000000000111495482000114CATARINENSE ASSESSORIA CARTORÁRIA LTDA  Rua Antônio Scherer,465-Loja 3                      88102090Protesto após 5 dias                                        000051
1                   000902692011248461-1049                   0000000000000001049100000000002               011049      08071100000003096220000000012N030711000000000000010320000000000000000000000000000000000000000000000110906064000100MAIA SERVIÇOS ADMINISTRATIVOS LTDA      Rua Bernardino de Campos,3180-Loja 04 Ga            15015300Protesto após 5 dias                                        000052
1                   000902692011248461-1050                   0000000000000001050500000000002               011050      08071100000000984360000000012N030711000000000000003280000000000000000000000000000000000000000000000111165549000152D´ VASQUEZ SERVIÇOS CARTORARIOS LTDA - EAv. Dr. João Guilhermino,293                        12210131Protesto após 5 dias                                        000053
1                   000902692011248461-1051                   0000000000000001051300000000002               011051      08071100000000962060000000012N030711000000000000003210000000000000000000000000000000000000000000000111163439000151RF-SERVICOS DE DOCUMENTACAO LTDA.       Av. Mal. Castelo Branco,173-A                       65076090Protesto após 5 dias                                        000054
1                   000902692011248461-1052                   0000000000000001052100000000002               011052      08071100000000412750000000012N030711000000000000001380000000000000000000000000000000000000000000000110999668000148ASSESSORIA E CONSULTORIA DE DOCUMENTOS ER. Leopoldo Machado,242-Loja 02                     18035075Protesto após 5 dias                                        000055
1                   000902692011248461-1053                   0000000000000001053P00000000002               011053      08071100000000036160000000012N030711000000000000000120000000000000000000000000000000000000000000000151915072000108Associação Comercial, Industrial e AgropRua Antônio Jorge Chebab,1212                       13170005Protesto após 5 dias                                        000056
1                   000902692011248461-1054                   0000000000000001054800000000002               011054      08071100000000526700000000012N030711000000000000001760000000000000000000000000000000000000000000000111029315000188SUZAN CART CERTIDOES LTDA - ME          Rua Gal. Francisco Glicério,1185                    08674003Protesto após 5 dias                                        000057
1                   000902692011248461-1055                   0000000000000001055600000000002               011055      08071100000000430070000000012N030711000000000000001430000000000000000000000000000000000000000000000111165549000233D´ VASQUEZ SERVIÇOS CARTORARIOS LTDA EPPRua Coronel Augusto Monteiro,650                    12020160Protesto após 5 dias                                        000058
1                   000902692011248461-1056                   0000000000000001056400000000002               011056      08071100000000077710000000012N030711000000000000000260000000000000000000000000000000000000000000000111349928000100MARTINS E AFONSO ASSESSORIA EMPRESARIAL Travessa Ranulfo Feo,71                             25953000Protesto após 5 dias                                        000059
1                   000902692011248461-1057                   0000000000000001057200000000002               011057      08071100000000030000000000012N030711000000000000000100000000000000000000000000000000000000000000000110918131000106PROCART - PROCESSOS CARTORAIS LTDA      Rua Primeiro de Janeiro,35-Sala 101                 35180032Protesto após 5 dias                                        000060
1                   000902692011248461-1058                   0000000000000001058000000000002               011058      08071100000000009040000000012N030711000000000000000030000000000000000000000000000000000000000000000113406670000154RODRIGUES E VIEIRA LTDA.                208 Sul AV. LO 03-LT 11, ED. VITORIA, Sa            77020542Protesto após 5 dias                                        000061
1                   000902692011248461-1059                   0000000000000001059900000000002               011059      08071100000000464550000000012N030711000000000000001550000000000000000000000000000000000000000000000111834699000101REGIS ORLANDINI ASSESSORIA CARTORARIA LTAv. João Naves de Ávila,81                          38400600Protesto após 5 dias                                        000062
1                   000902692011248461-1060                   0000000000000001060200000000002               011060      08071100000000059120000000012N030711000000000000000200000000000000000000000000000000000000000000000113358931000108RAFAELA FALCATO DE OLIVEIRA - EPP       Rua Antônio Carlos,153-Sala 04                      13270005Protesto após 5 dias                                        000063
1                   000902692011248461-1061                   0000000000000001061000000000002               011061      08071100000002500000000000012N030711000000000000008330000000000000000000000000000000000000000000000111479061000108ANDRADE SOARES LOPES LTDA               Rua Lehar David,05                                  45000445Protesto após 5 dias                                        000064
1                   000902692011248461-983                    0000000000000000983300000000002               02983       11071100000000120000000000012N2906111200000000000100000000000000000000000000000000000000000000000002000000005288461 Banco do Brasil S.A.                  Avenida Itaberaba,1735                              02734000                                                            000065
9                                                                                                                                                                                                                                                                                                                                                                                                         000066