01REMESSA01COBRANCA       00000000000004130991SISTEMA DE CARTóRIO CERTIDõES 237BRADESCO       040811        MX0000416                                                                                                                                                                                                                                                                                     000001
1                   000902692011248461-1344                   0000000000000001344P00000000002               011344      15081100000000100000000000012N030811120000000000000330000000000000000000000000000000000000000000000200360305159723104 Caixa Econômica Federal             Rua Teodoro Sampaio,  ,429                          05405000                                                            000002
1                   000902692011248461-1345                   0000000000000001345800000000002               011345      15081100000000029000000000012N030811120000000000000100000000000000000000000000000000000000000000000210377191000169ACM  Legalizações Empresariais Ltda. - MAvenida Capitão Mário Toledo de Camargo,            09170150                                                            000003
1                   000902692011248461-1346                   0000000000000001346600000000002               011346      15081100000000045000000000012N030811120000000000000150000000000000000000000000000000000000000000000270940994000101PANDURATA ALIMENTOS LTDA.               Rua Fritz Reimann,628                               07044020                                                            000004
1                   000902692011248461-1347                   0000000000000001347400000000002               011347      15081100000000140000000000012N030811120000000000000470000000000000000000000000000000000000000000000207523097000166BERNARDI&SCHNAPP ADVOGADOS              Bela Cintra, ,1149-12º andar                        14150001                                                            000005
1                   000902692011248461-1348                   0000000000000001348200000000002               011348      08081100000016000000000000012N040811000000000000000000000000000000000000000000000000000000000000000100097608840625GILDASIO VILARONGA ASSIS PINHO          RUA PRESIDENTE ANTONIO CARLOS, 770/1202             37002000                                                            000006
1                   000902692011248461-1349                   0000000000000001349000000000002               011349      22091100000016000000000000012N040811000000000000000000000000000000000000000000000000000000000000000100097608840625GILDASIO VILARONGA ASSIS PINHO          RUA PRESIDENTE ANTONIO CARLOS, 770/1202             37002000                                                            000007
1                   000902692011248461-1350                   0000000000000001350400000000002               011350      15081100000000076000000000012N040811120000000000000250000000000000000000000000000000000000000000000200360305267887104 Caixa Econômica Federal             Rua São Joaquim ,69-5º andar                        01508001                                                            000008
1                   000902692011248461-1351                   0000000000000001351200000000002               011351      08081100000015000000000000012N040811000000000000000000000000000000000000000000000000000000000000000100030525234810APOLO VENTURA LEMOS                     RUA SANTA CATARINA, 200                             78850000                                                            000009
1                   000902692011248461-1352                   0000000000000001352000000000002               011352      22091100000015000000000000012N040811000000000000000000000000000000000000000000000000000000000000000100030525234810APOLO VENTURA LEMOS                     RUA SANTA CATARINA, 200                             78850000                                                            000010
1                   000902692011248461-1167                   0000000000000001167600000000002               311167      12081100000000194000000000012N190711120000000000010000000000000000000000000000000000000000000000000262232889000190Banco Daycoval S/A                      Avenida Paulista ,1793-02º Andar                    01311200                                                            000011
1                   000902692011248461-1167                   0000000000000001167600000000002               061167      12081100000000194000000000012N190711120000000000010000000000000000000000000000000000000000000000000262232889000190Banco Daycoval S/A                      Avenida Paulista ,1793-02º Andar                    01311200                                                            000012
9                                                                                                                                                                                                                                                                                                                                                                                                         000013