01REMESSA01COBRANCA       00000000000004130991SISTEMA DE CARTóRIO CERTIDõES 237BRADESCO       040511        MX0000356                                                                                                                                                                                                                                                                                     000001
1                   000902692011248461-578                    0000000000000000578100000000002               01578       09051100000000669800000000012N290411000000000000002230000000000000000000000000000000000000000000000200360305023902104 Caixa Econômica Federal             Rua Augusta,2514/2516                               01412100                                                            000002
1                   000902692011248461-579                    0000000000000000579P00000000002               01579       09051100000000030000000000012N290411000000000000000100000000000000000000000000000000000000000000000201190978000126ITALIA COMERCIAL TEXTIL LTDA ME         Rua Almirante Barroso,308                           03025000                                                            000003
1                   000902692011248461-580                    0000000000000000580300000000002               01580       12051100000000288600000000012N020511000000000000000960000000000000000000000000000000000000000000000200360305160810104 Caixa Econômica Federal             Rua Antônio Bernardo Coutinho,149                   06013050                                                            000004
1                   000902692011248461-581                    0000000000000000581100000000002               01581       12051100000000445200000000012N020511000000000000001480000000000000000000000000000000000000000000000203723171000137E Cunha Consultoria Empresarial Ltda.   Rua Nova York ,959-conj. 52                         04560002                                                            000005
1                   000902692011248461-582                    0000000000000000582P00000000002               01582       12051100000000097000000000012N020511000000000000000320000000000000000000000000000000000000000000000100000522819656ELIZETE DE MENEZES DE OLIVEIRA          Rua Domingos de Morais,908                          04010100                                                            000006
1                   000902692011248461-583                    0000000000000000583800000000002               01583       12051100000000094000000000012N020511000000000000000310000000000000000000000000000000000000000000000100093938845449JOSÉ CICERO DOS SANTOS                   Rua Adutora Rio Claro,376                          09390500                                                            000007
1                   000902692011248461-584                    0000000000000000584600000000002               01584       12051100000000106000000000012N020511000000000000000350000000000000000000000000000000000000000000000100009022765814MARIA RODRIGUES DOS SANTOS              Rua Rio de Janeiro,568                              09380050                                                            000008
1                   000902692011248461-585                    0000000000000000585400000000002               01585       12051100000000079300000000012N020511000000000000000260000000000000000000000000000000000000000000000200360305267887104 Caixa Econômica Federal             Rua São Joaquim ,69-5º andar                        01508001                                                            000009
1                   000902692011248461-586                    0000000000000000586200000000002               01586       13051100000000148400000000012N030511000000000000000490000000000000000000000000000000000000000000000203513451000110NERONE DO BRASIL CIA. Securitizadora de Avenida Paulista,726-Sala 1410 - 14º and            01310100                                                            000010
1                   000902692011248461-587                    0000000000000000587000000000002               01587       13051100000000270600000000012N030511000000000000000900000000000000000000000000000000000000000000000100069344116504M.A. MUNIZ SANTOS - ME                  AV: LIMEIRA ,722-LOJA C44                           13414900                                                            000011
1                   000902692011248461-588                    0000000000000000588900000000002               01588       13051100000000171200000000012N0305110000000000000005700000000000000000000000000000000000000000000002000000000001911 Banco do Brasil S.A.                  Avenida Nazaré ,595                                 04263000                                                            000012
1                   000902692011248461-589                    0000000000000000589700000000002               01589       13051100000000210000000000012N030511000000000000000700000000000000000000000000000000000000000000000200360305100400104 Caixa Econômica Federal             Rua São Bento, 397  - 1º Andar,397                  01011100                                                            000013
1                   000902692011248461-590                    0000000000000000590000000000002               01590       08051100000000011870000000012N030511000000000000000040000000000000000000000000000000000000000000000111818583000189MARCIA JERONYMA DE MORAES LOPES         Av. Nossa Sra. Auxiliadora,S/N-Quadra 09            74980080Protesto após 5 dias                                        000014
1                   000902692011248461-591                    0000000000000000591900000000002               01591       08051100000000009500000000012N030511000000000000000030000000000000000000000000000000000000000000000111838860000115M.L. CARDOSO - PRESTAÇÃO DE SERVIÇOS - ERua Luiz Pereira Barreto,304                        16010320Protesto após 5 dias                                        000015
1                   000902692011248461-592                    0000000000000000592700000000002               01592       08051100000000004650000000012N030511000000000000000020000000000000000000000000000000000000000000000113321680000197Cartório Postal - Araraquara - SP       Rua São Bento,1688                                  14801300Protesto após 5 dias                                        000016
1                   000902692011248461-593                    0000000000000000593500000000002               01593       08051100000000123850000000012N030511000000000000000410000000000000000000000000000000000000000000000111864024000105AGICART - SERVIÇOS DOCUMENTALISTAS INTERRua Afonso Pena,5-47                                17060250Protesto após 5 dias                                        000017
1                   000902692011248461-594                    0000000000000000594300000000002               01594       08051100000000054700000000012N030511000000000000000180000000000000000000000000000000000000000000000111564744000155SARAIVA´S CONSULTORIA EMPRESARIAL LTDA  Rua Prefeito José Santana Trigueiro,183             32604188Protesto após 5 dias                                        000018
1                   000902692011248461-595                    0000000000000000595100000000002               01595       08051100000002000000000000012N030511000000000000006670000000000000000000000000000000000000000000000112196193000187BR ASSESSORIA CARTORARIA LTDA           CLSW,101-Bloco C, Loja 73                           70670503Protesto após 5 dias                                        000019
1                   000902692011248461-596                    0000000000000000596P00000000002               01596       08051100000001500000000000012N030511000000000000005000000000000000000000000000000000000000000000000111218990000155MARQUES & MARTINS SERVIÇOS LTDA - ME    Av. Gal. Flores da Cunha,393-Loja 01                94910000Protesto após 5 dias                                        000020
1                   000902692011248461-597                    0000000000000000597800000000002               01597       08051100000000565890000000012N030511000000000000001890000000000000000000000000000000000000000000000111067223000192REIS & CONDE LTDA                       R. Dr. Antônio Alvares Lobo,226                     13020110Protesto após 5 dias                                        000021
1                   000902692011248461-598                    0000000000000000598600000000002               01598       08051100000000003500000000012N030511000000000000000010000000000000000000000000000000000000000000000113192551000146Cartório Postal - Capivari - SP         Rua Padre Fabiano,637-Sala 03                       13360000Protesto após 5 dias                                        000022
1                   000902692011248461-599                    0000000000000000599400000000002               01599       08051100000000032750000000012N030511000000000000000110000000000000000000000000000000000000000000000111198466000160GOMES & KUNCEVICIUS LTDA ME             Rua Prisciliana de Castilho,374-Sala 06             11660330Protesto após 5 dias                                        000023
1                   000902692011248461-600                    0000000000000000600100000000002               01600       08051100000000007760000000012N030511000000000000000030000000000000000000000000000000000000000000000111569240000128FLECK ASSESSORIA ADMINISTRATIVA LTDA    Avenida Tancredo Neves,385                          85805000Protesto após 5 dias                                        000024
1                   000902692011248461-601                    0000000000000000601P00000000002               01601       08051100000000017570000000012N030511000000000000000060000000000000000000000000000000000000000000000111338377000171VIVIANE COSSARI - ME                    Rua Alagoas,137                                     15800090Protesto após 5 dias                                        000025
1                   000902692011248461-602                    0000000000000000602800000000002               01602       08051100000000371630000000012N030511000000000000001240000000000000000000000000000000000000000000000111245100000102MC PRESTADORA DE SERVIÇOS ADMINISTRATIVORua Marechal José B. Bormann,164 E-Sala             89802120Protesto após 5 dias                                        000026
1                   000902692011248461-603                    0000000000000000603600000000002               01603       08051100000000110480000000012N030511000000000000000370000000000000000000000000000000000000000000000112632803000148RUBIANA SERVIÇOS DE CARTORIO, CERTIDÕES Rua das Esmeraldas,186                              09920520Protesto após 5 dias                                        000027
1                   000902692011248461-604                    0000000000000000604400000000002               01604       08051100000000025000000000012N030511000000000000000080000000000000000000000000000000000000000000000112349493000159CAVALHEIRO ZANCHETA ASSESSORIA CARTORÁRIRua Onofre Pereira de Matos,1722-Centro             79802010Protesto após 5 dias                                        000028
1                   000902692011248461-605                    0000000000000000605200000000002               01605       08051100000000095100000000012N030511000000000000000320000000000000000000000000000000000000000000000108289469000102RGC SERVIÇOS E CONSULTORIA LTDA         Av. Barão de Cotegipe,1088-Sala 100                 44001170Protesto após 5 dias                                        000029
1                   000902692011248461-606                    0000000000000000606000000000002               01606       08051100000000001830000000012N030511000000000000000010000000000000000000000000000000000000000000000111425891000144MHG SERVIÇOS ADMINISTRATIVOS EMPRESAS LTR. T 55,156-Quadra H 23 - Lote 01                   74150320Protesto após 5 dias                                        000030
1                   000902692011248461-607                    0000000000000000607900000000002               01607       08051100000000597000000000012N030511000000000000001990000000000000000000000000000000000000000000000110946715000195BASA SERVICOS EM CARTORIOS LTDA - ME    R. Luiz Faccine,404                                 07110000Protesto após 5 dias                                        000031
1                   000902692011248461-608                    0000000000000000608700000000002               01608       08051100000000012000000000012N030511000000000000000040000000000000000000000000000000000000000000000112498961000157HANNAH ASSESSORIA CARTORÁRIA LTDA       Rua Visconde de Mauá,208-Térreo                     45653260Protesto após 5 dias                                        000032
1                   000902692011248461-609                    0000000000000000609500000000002               01609       08051100000000186870000000012N030511000000000000000620000000000000000000000000000000000000000000000112162069000109GODOI & GODOY ASSESSORIA CARTORARIA LTDAAv. Francisco de Paula Leite,1699                   13344325Protesto após 5 dias                                        000033
1                   000902692011248461-610                    0000000000000000610900000000002               01610       08051100000000700000000000012N030511000000000000002330000000000000000000000000000000000000000000000112354736000147SANTOS HAVELANGE ASSESSORIA CARTORÁRIA LRua Adolfo Maron,28-ANDAR 1                         45600002Protesto após 5 dias                                        000034
1                   000902692011248461-611                    0000000000000000611700000000002               01611       08051100000000079950000000012N030511000000000000000270000000000000000000000000000000000000000000000102248702000114MOURA E MENEZES SERVIÇOS ADMINISTRATIVOSRua Dr. Curvelo Cavalcante,189-Loja 315             23810300Protesto após 5 dias                                        000035
1                   000902692011248461-612                    0000000000000000612500000000002               01612       08051100000000024580000000012N030511000000000000000080000000000000000000000000000000000000000000000112443155000181ASSESSORIA E CONSULTORIA CARTORARIA DE DRua Santa Cruz,652                                  13300090Protesto após 5 dias                                        000036
1                   000902692011248461-613                    0000000000000000613300000000002               01613       08051100000000120450000000012N030511000000000000000400000000000000000000000000000000000000000000000112572498000146Alphacentral Documentos e Serviços LTDA Rua Zacarias de Goes,285                            13201800Protesto após 5 dias                                        000037
1                   000902692011248461-614                    0000000000000000614100000000002               01614       08051100000001500000000000012N030511000000000000005000000000000000000000000000000000000000000000000111425648000126D. QUADRO SISTEMAS DECUMENTAIS LTDA     Av. Senador Alberto Pasqualini,151-Sala             95900000Protesto após 5 dias                                        000038
1                   000902692011248461-615                    0000000000000000615P00000000002               01615       08051100000000000140000000012N0305110000000000000000000000000000000000000000000000000000000000000001112843480001743G7 ASSESSORIA E ORGANIZAÇÃO DE DOCUMENTRua Goiás,1332                                      86020410Protesto após 5 dias                                        000039
1                   000902692011248461-616                    0000000000000000616800000000002               01616       08051100000000007000000000012N030511000000000000000020000000000000000000000000000000000000000000000111619454000161ASSESSORIA CARTORÁRIA DO NORDESTE LTDA  Av. Moreira e Silva,821A                            57051500Protesto após 5 dias                                        000040
1                   000902692011248461-617                    0000000000000000617600000000002               01617       08051100000000093910000000012N030511000000000000000310000000000000000000000000000000000000000000000111222886000134ELIDA ASSESSORIA EMPRESARIAL LTDA       R. Neo Alves Martins,2955-Sala 03                   87013060Protesto após 5 dias                                        000041
1                   000902692011248461-618                    0000000000000000618400000000002               01618       08051100000000003250000000012N030511000000000000000010000000000000000000000000000000000000000000000112837049000182TOWER NITEROI SERVIÇOS DE CARTÓRIO E CERRua Visconde de Sepetiba,935-Loja 134               24020206Protesto após 5 dias                                        000042
1                   000902692011248461-619                    0000000000000000619200000000002               01619       08051100000001500000000000012N030511000000000000005000000000000000000000000000000000000000000000000111253122000106AA ASSESSORIA & SERVIÇOS EMPRESARIAIS LTRua São João,454                                    15400000Protesto após 5 dias                                        000043
1                   000902692011248461-620                    0000000000000000620600000000002               01620       08051100000000152650000000012N030511000000000000000510000000000000000000000000000000000000000000000113133167000172MONARO & FRANCO SERVIÇOS ORGANIZACIONAISRua dos Marianos,132                                06016050Protesto após 5 dias                                        000044
1                   000902692011248461-621                    0000000000000000621400000000002               01621       08051100000000247490000000012N030511000000000000000820000000000000000000000000000000000000000000000111253279000131ANDRIETTA & PIVA LTDA                   R. Gov. Pedro de Toledo,569                         13400070Protesto após 5 dias                                        000045
1                   000902692011248461-622                    0000000000000000622200000000002               01622       08051100000000406630000000012N030511000000000000001360000000000000000000000000000000000000000000000106058057000128CTPOST SERVIÇOS LTDA ME                 Rua Dr. Flores,263/503                              90020122Protesto após 5 dias                                        000046
1                   000902692011248461-623                    0000000000000000623000000000002               01623       08051100000000058590000000012N030511000000000000000200000000000000000000000000000000000000000000000112462165000164Viviane Aparecida Henriques - EPP       Rua Rui Barbosa,164                                 19010260Protesto após 5 dias                                        000047
1                   000902692011248461-624                    0000000000000000624900000000002               01624       08051100000000003000000000012N030511000000000000000010000000000000000000000000000000000000000000000111619454000161ASSESSORIA CARTORÁRIA DO NORDESTE LTDA  Rua Maria Carolina,205-Galeria Guararape            51020220Protesto após 5 dias                                        000048
1                   000902692011248461-625                    0000000000000000625700000000002               01625       08051100000000369470000000012N030511000000000000001230000000000000000000000000000000000000000000000111144435000126PATRÍCIO DOCUMENTOS CARTORARIOS LTDA ME R. da Assembléia,10-Lj. Subsl. 112                  20011000Protesto após 5 dias                                        000049
1                   000902692011248461-626                    0000000000000000626500000000002               01626       08051100000000011550000000012N030511000000000000000040000000000000000000000000000000000000000000000111777632000182CFN ASSESSORIA EM DOCUMENTOS LTDA       R Prefeito Carlos José Carlson,226-CJ 01            09450000Protesto após 5 dias                                        000050
1                   000902692011248461-627                    0000000000000000627300000000002               01627       08051100000001500000000000012N030511000000000000005000000000000000000000000000000000000000000000000111419746000150AMA - ESTRUTURA CARTORAL LTDA - EPP     R. das Alfazemas,752-Loja 01 e 28 Shoppi            41820710Protesto após 5 dias                                        000051
1                   000902692011248461-628                    0000000000000000628100000000002               01628       08051100000000048500000000012N030511000000000000000160000000000000000000000000000000000000000000000113098867000173ROMI & ZANATTA LTDA - ME                Rua Floriano Peixoto,692                            13450023Protesto após 5 dias                                        000052
1                   000902692011248461-629                    0000000000000000629P00000000002               01629       08051100000000110560000000012N030511000000000000000370000000000000000000000000000000000000000000000108854020000131M.V. FRANZOSO – SOLUCOES EMPRESARIAIS – Rua Rio Branco,483                                  09710090Protesto após 5 dias                                        000053
1                   000902692011248461-630                    0000000000000000630300000000002               01630       08051100000000136550000000012N030511000000000000000460000000000000000000000000000000000000000000000111495482000114CATARINENSE ASSESSORIA CARTORÁRIA LTDA  Rua Antônio Scherer,465-Loja 3                      88102090Protesto após 5 dias                                        000054
1                   000902692011248461-631                    0000000000000000631100000000002               01631       08051100000001925400000000012N030511000000000000006420000000000000000000000000000000000000000000000110906064000100MAIA SERVIÇOS ADMINISTRATIVOS LTDA      Rua Bernardino de Campos,3180-Loja 04 Ga            15015300Protesto após 5 dias                                        000055
1                   000902692011248461-632                    0000000000000000632P00000000002               01632       08051100000000881250000000012N030511000000000000002940000000000000000000000000000000000000000000000111165549000152D´ VASQUEZ SERVIÇOS CARTORARIOS LTDA - EAv. Dr. João Guilhermino,293                        12210131Protesto após 5 dias                                        000056
1                   000902692011248461-633                    0000000000000000633800000000002               01633       08051100000001003590000000012N030511000000000000003350000000000000000000000000000000000000000000000111163439000151RF-SERVICOS DE DOCUMENTACAO LTDA.       Av. Mal. Castelo Branco,173-A                       65076090Protesto após 5 dias                                        000057
1                   000902692011248461-634                    0000000000000000634600000000002               01634       08051100000000028350000000012N030511000000000000000090000000000000000000000000000000000000000000000112027250000102MT ASSESSORIA CARTORARIA LTDA - EPP     Avenida Nossa Senhora Aparecida,918                 14177055Protesto após 5 dias                                        000058
1                   000902692011248461-635                    0000000000000000635400000000002               01635       08051100000000006000000000012N030511000000000000000020000000000000000000000000000000000000000000000111620306000167RENAN SEVERO DE SOUZA - ME              Av. das Embaúbas,952                                78550222Protesto após 5 dias                                        000059
1                   000902692011248461-636                    0000000000000000636200000000002               01636       08051100000000320220000000012N030511000000000000001070000000000000000000000000000000000000000000000110999668000148ASSESSORIA E CONSULTORIA DE DOCUMENTOS ER. Leopoldo Machado,242-Loja 02                     18035075Protesto após 5 dias                                        000060
1                   000902692011248461-637                    0000000000000000637000000000002               01637       08051100000000042360000000012N030511000000000000000140000000000000000000000000000000000000000000000151915072000108Associação Comercial, Industrial e AgropRua Antônio Jorge Chebab,1212                       13170005Protesto após 5 dias                                        000061
1                   000902692011248461-638                    0000000000000000638900000000002               01638       08051100000000400100000000012N030511000000000000001330000000000000000000000000000000000000000000000111029315000188SUZAN CART CERTIDOES LTDA - ME          Rua Gal. Francisco Glicério,1185                    08674003Protesto após 5 dias                                        000062
1                   000902692011248461-639                    0000000000000000639700000000002               01639       08051100000000268390000000012N030511000000000000000890000000000000000000000000000000000000000000000111165549000233D´ VASQUEZ SERVIÇOS CARTORARIOS LTDA EPPRua Coronel Augusto Monteiro,650                    12020160Protesto após 5 dias                                        000063
1                   000902692011248461-640                    0000000000000000640000000000002               01640       08051100000000086740000000012N030511000000000000000290000000000000000000000000000000000000000000000111349928000100MARTINS E AFONSO ASSESSORIA EMPRESARIAL Travessa Ranulfo Feo,71                             25953000Protesto após 5 dias                                        000064
1                   000902692011248461-641                    0000000000000000641900000000002               01641       08051100000000022500000000012N030511000000000000000080000000000000000000000000000000000000000000000110918131000106PROCART - PROCESSOS CARTORAIS LTDA      Rua Primeiro de Janeiro,35-Sala 101                 35180032Protesto após 5 dias                                        000065
1                   000902692011248461-642                    0000000000000000642700000000002               01642       08051100000000442160000000012N030511000000000000001470000000000000000000000000000000000000000000000111834699000101REGIS ORLANDINI ASSESSORIA CARTORARIA LTAv. João Naves de Ávila,81                          38400600Protesto após 5 dias                                        000066
1                   000902692011248461-643                    0000000000000000643500000000002               01643       08051100000000003000000000012N030511000000000000000010000000000000000000000000000000000000000000000113358931000108RAFAELA FALCATO DE OLIVEIRA - EPP       Rua Francisco Glicério,185-Sala 04                  13270200Protesto após 5 dias                                        000067
1                   000902692011248461-644                    0000000000000000644300000000002               01644       08051100000002500000000000012N030511000000000000008330000000000000000000000000000000000000000000000111479061000108ANDRADE SOARES LOPES LTDA               Rua Lehar David,05                                  45000445Protesto após 5 dias                                        000068
1                   000902692011248461-645                    0000000000000000645100000000002               01645       16051100000000150000000000012N040511060500000000000000000000000000000000000000000000000000000000000203512293000184Fitta Distribuidora de Titulos e ValoresRua Jose Augusto Penteado, 92                       01257010                                                            000069
1                   000902692011248461-646                    0000000000000000646P00000000002               01646       06051100000023000000000000012N040511060500000000000000000000000000000000000000000000000000000000000100001225663350Gercilio Ferreira Macedo                Av. Rio Poti, 795                                   64049410                                                            000070
1                   000902692011248461-647                    0000000000000000647800000000002               01647       14051100000000090000000000012N040511000000000000000300000000000000000000000000000000000000000000000100012763441807IZABEL RIBEIRO                          Rua Antônio Dias da Silva,88                        02618110                                                            000071
1                   000902692011248461-648                    0000000000000000648600000000002               01648       14051100000000173300000000012N040511000000000000000580000000000000000000000000000000000000000000000100000932705502EVANDRO PEREIRA DE SOUZA                Rua Jaracatia,636-APTO 13    BLC 09                 05754071                                                            000072
1                   000902692011248461-519                    0000000000000000519600000000002               31519       06051100000012000000000000012N190411060500000000000000000000000000000000000000000000000000000000000204058730000102HMR - Comercio e Prestação de Serviços LPraça Cornélio Procópio, 34                         13660000                                                            000073
1                   000902692011248461-519                    0000000000000000519600000000002               06519       06051100000012000000000000012N190411060500000000000000000000000000000000000000000000000000000000000104058730000102HMR - Comercio e Prestação de Serviços LPraça Cornélio Procópio, 34                         13660000                                                            000074
1                   000902692011248461-309                    0000000000000000309600000000002               02309       04041100000000210000000000012N250311000000000000010000000000000000000000000000000000000000000000000200360305413530104 Caixa Econômica Federal             Avenida Guarapiranga, 752,752                       04762001                                                            000075
1                   000902692011248461-308                    0000000000000000308800000000002               02308       04041100000000210000000000012N250311000000000000010000000000000000000000000000000000000000000000000200360305159723104 Caixa Econômica Federal             Rua Teodoro Sampaio, ,429                           05405000                                                            000076
1                   000902692011248461-83                     0000000000000000083600000000002               0283        10031100000000048000000000012N280211000000000000010000000000000000000000000000000000000000000000000200360305119268Caixa Economico Federal                 Rua XV de Novembro, 190 - Centro - Ferra            08500405                                                            000077
1                   000902692011248461-189                    0000000000000000189100000000002               02189       21031100000000200000000000012N110311000000000000010000000000000000000000000000000000000000000000000253283180000122Caruana S/A Sociedade de Crédito FinanciAv. Nações Unidas, 11541 11º andar Conj             04578000                                                            000078
1                   000902692011248461-225                    0000000000000000225100000000002               02225       26031100000000400000000000012N160311000000000000010000000000000000000000000000000000000000000000000209313766000109CARUANA S/A SOCIEDADE DE CRÉDITO FINAN. AV. NAÇÕES UNIDAS,11541 - 11AND. , CJ112            04578000                                                            000079
1                   000902692011248461-293                    0000000000000000293600000000002               02293       02041100000000200000000000012N230311000000000000010000000000000000000000000000000000000000000000000253283180000122Tesheiner Cavassani e Giacomazi AdvogadoRua João Adolfo,118-Conj. 405                       01050020                                                            000080
1                   000902692011248461-221                    0000000000000000221900000000002               02221       26031100000000357900000000012N160311000000000000010000000000000000000000000000000000000000000000000200360305292059104 Caixa Econômica Federal             Avenida dos Autonomistas ,197                       06020000                                                            000081
1                   000902692011248461-72                     0000000000000000072000000000002               0272        07031100000000136000000000012N250211000000000000010000000000000000000000000000000000000000000000000200360305292644104 Caixa Econômica Federal             Rua Olimpíadas,205                                  04551000                                                            000082
1                   000902692011248461-520                    0000000000000000520P00000000002               06520       23051100000005000000000000012N190411060500000000000000000000000000000000000000000000000000000000000100003433865698Sidney Souto Brabosa                    Rua Niceu Lopes Silva, 184                          39401070                                                            000083
1                   000902692011248461-521                    0000000000000000521800000000002               06521       24051100000005000000000000012N190411060500000000000000000000000000000000000000000000000000000000000100003433865698Sidney Souto Brabosa                    Rua Niceu Lopes Silva, 184                          39401070                                                            000084
1                   000902692011248461-522                    0000000000000000522600000000002               06522       25051100000005000000000000012N190411060500000000000000000000000000000000000000000000000000000000000100003433865698Sidney Souto Brabosa                    Rua Niceu Lopes Silva, 184                          39401070                                                            000085
1                   000902692011248461-523                    0000000000000000523400000000002               06523       26051100000005000000000000012N190411060500000000000000000000000000000000000000000000000000000000000100003433865698Sidney Souto Brabosa                    Rua Niceu Lopes Silva, 184                          39401070                                                            000086
1                   000902692011248461-336                    0000000000000000336300000000002               02336       09041100000000100000000000012N300311000000000000010000000000000000000000000000000000000000000000000253283180000122Tesheiner Cavassani e Giacomazi AdvogadoRua João Adolfo,118-Conj. 405                       01050020                                                            000087
1                   000902692011248461-569                    0000000000000000569200000000002               06569       03061100000023000000000000012N280411060500000000000000000000000000000000000000000000000000000000000100001225663350Gercilio Ferreira Macedo                Av. Rio Poti, 795                                   64049410                                                            000088
9                                                                                                                                                                                                                                                                                                                                                                                                         000089