01REMESSA01COBRANCA       00000000000004130991SISTEMA DE CARTóRIO CERTIDõES 237BRADESCO       041011        MX0000450                                                                                                                                                                                                                                                                                     000001
1                   000902692011248461-1803                   0000000000000001803400000000002               011803      13101100000000120750000000012N031011120000000000000400000000000000000000000000000000000000000000000210377191000169ACM  Legalizações Empresariais Ltda. - MAvenida Capitão Mário Toledo de Camargo,            09170150                                                            000002
1                   000902692011248461-1804                   0000000000000001804200000000002               011804      08101100000000183000000000012N031011000000000000000610000000000000000000000000000000000000000000000113293656000191GVN CONSULTORIA E ASSESSORIA CARTORÁRIA Av. Djalma Batista,1905-Lj. 12                      69050010Protesto após 5 dias                                        000003
1                   000902692011248461-1805                   0000000000000001805000000000002               011805      08101100000000036190000000012N031011000000000000000120000000000000000000000000000000000000000000000111838860000115M.L. CARDOSO - PRESTAÇÃO DE SERVIÇOS - ERua Luiz Pereira Barreto,304                        16010320Protesto após 5 dias                                        000004
1                   000902692011248461-1806                   0000000000000001806900000000002               011806      08101100000000099250000000012N031011000000000000000330000000000000000000000000000000000000000000000113321680000197Ana Claudia Barbiere Alves Ferreira - MERua São Bento,1688                                  14801300Protesto após 5 dias                                        000005
1                   000902692011248461-1807                   0000000000000001807700000000002               011807      08101100000000057450000000012N031011000000000000000190000000000000000000000000000000000000000000000111871164000100PANDIN BUENO ASSESSORIA CARTORÁRIA LTDA Rua 20,1014                                         14780070Protesto após 5 dias                                        000006
1                   000902692011248461-1808                   0000000000000001808500000000002               011808      08101100000000012350000000012N031011000000000000000040000000000000000000000000000000000000000000000113078931000154Camargo & Oliveira Assessoria CartoráriaRua Santos Dumont,219                               14300000Protesto após 5 dias                                        000007
1                   000902692011248461-1809                   0000000000000001809300000000002               011809      08101100000000242370000000012N031011000000000000000810000000000000000000000000000000000000000000000111864024000105AGICART - SERVIÇOS DOCUMENTALISTAS INTERRua Afonso Pena,5-47                                17060250Protesto após 5 dias                                        000008
1                   000902692011248461-1810                   0000000000000001810700000000002               011810      08101100000000142160000000012N031011000000000000000470000000000000000000000000000000000000000000000113238744000190ARCHANJO TEIXEIRA PREPARAÇÃO DE DOCUMENTAv. Brasil,1586-Loja 06                             30140003Protesto após 5 dias                                        000009
1                   000902692011248461-1811                   0000000000000001811500000000002               011811      08101100000000019000000000012N031011000000000000000060000000000000000000000000000000000000000000000111564744000155SARAIVA´S CONSULTORIA EMPRESARIAL LTDA  Rua Prefeito José Santana Trigueiro,183             32604188Protesto após 5 dias                                        000010
1                   000902692011248461-1812                   0000000000000001812300000000002               011812      08101100000000033150000000012N031011000000000000000110000000000000000000000000000000000000000000000113619244000107BRAGPOST ASSESSORIA CARTORARIA LTDA     Av. Antonio Pires Pimentel,707                      12914001Protesto após 5 dias                                        000011
1                   000902692011248461-1813                   0000000000000001813100000000002               011813      08101100000000050310000000012N031011000000000000000170000000000000000000000000000000000000000000000112196193000187BR ASSESSORIA CARTORARIA LTDA           CLSW,101-Bloco C, Loja 73                           70670503Protesto após 5 dias                                        000012
1                   000902692011248461-1814                   0000000000000001814P00000000002               011814      08101100000000012650000000012N031011000000000000000040000000000000000000000000000000000000000000000113635488000175GARCIA E SANTOS ASSESSORIA CARTORARIA LTRua Raul Veiga,708-Loja B                           28907090Protesto após 5 dias                                        000013
1                   000902692011248461-1815                   0000000000000001815800000000002               011815      08101100000000512800000000012N031011000000000000001710000000000000000000000000000000000000000000000113358931000108RAFAELA FALCATO DE OLIVEIRA EPP         R. Dr. Antônio Alvares Lobo,226                     13020110Protesto após 5 dias                                        000014
1                   000902692011248461-1816                   0000000000000001816600000000002               011816      08101100000000011000000000012N031011000000000000000040000000000000000000000000000000000000000000000113192551000146SERVICE CART SERVICOS LTDA - ME         Rua Padre Fabiano,637-Sala 03                       13360000Protesto após 5 dias                                        000015
1                   000902692011248461-1817                   0000000000000001817400000000002               011817      08101100000000051450000000012N031011000000000000000170000000000000000000000000000000000000000000000111198466000160GOMES & KUNCEVICIUS LTDA ME             Rua Prisciliana de Castilho,374-Sala 06             11660330Protesto após 5 dias                                        000016
1                   000902692011248461-1818                   0000000000000001818200000000002               011818      08101100000000023260000000012N031011000000000000000080000000000000000000000000000000000000000000000111569240000128FLECK ASSESSORIA ADMINISTRATIVA LTDA    Avenida Tancredo Neves,385                          85805000Protesto após 5 dias                                        000017
1                   000902692011248461-1819                   0000000000000001819000000000002               011819      08101100000000223250000000012N031011000000000000000740000000000000000000000000000000000000000000000112761154000185MC PRESTADORA DE SERVIÇOS ADMINISTRATIVORua Marechal José B. Bormann,164 E-Sala             89802120Protesto após 5 dias                                        000018
1                   000902692011248461-1820                   0000000000000001820400000000002               011820      08101100000000026560000000012N031011000000000000000090000000000000000000000000000000000000000000000112655472000161CURITIBA ASSESSORIA CARTORARIA LTDA     Rua Tibagi,506                                      80060110Protesto após 5 dias                                        000019
1                   000902692011248461-1821                   0000000000000001821200000000002               011821      08101100000000193870000000012N031011000000000000000650000000000000000000000000000000000000000000000112632803000148RUBIANA SERVIÇOS DE CARTORIO, CERTIDÕES Rua das Esmeraldas,186                              09920520Protesto após 5 dias                                        000020
1                   000902692011248461-1822                   0000000000000001822000000000002               011822      08101100000000014150000000012N031011000000000000000050000000000000000000000000000000000000000000000113787920000143GAONA E ALVARENGA INTERMEDIAÇÃO CARTORÁRAv. Prefeito Osmar Cunha,183-Bloco B - S            88015900Protesto após 5 dias                                        000021
1                   000902692011248461-1823                   0000000000000001823900000000002               011823      08101100000000046590000000012N031011000000000000000160000000000000000000000000000000000000000000000113417036000117ASSESSORIA CARTORARIA HORTOLANDIA LTDA  Rua João Camilo de Camargo,289                      13184290Protesto após 5 dias                                        000022
1                   000902692011248461-1824                   0000000000000001824700000000002               011824      08101100000000012500000000012N031011000000000000000040000000000000000000000000000000000000000000000112498961000157HANNAH ASSESSORIA CARTORÁRIA LTDA       Rua Visconde de Mauá,208-Térreo                     45653260Protesto após 5 dias                                        000023
1                   000902692011248461-1825                   0000000000000001825500000000002               011825      08101100000000128220000000012N031011000000000000000430000000000000000000000000000000000000000000000112162069000109GODOI & GODOY ASSESSORIA CARTORARIA LTDAAv. Francisco de Paula Leite,1699                   13344325Protesto após 5 dias                                        000024
1                   000902692011248461-1826                   0000000000000001826300000000002               011826      08101100000001000000000000012N031011000000000000003330000000000000000000000000000000000000000000000112354736000147SANTOS HAVELANGE ASSESSORIA CARTORÁRIA LRua Adolfo Maron,28-ANDAR 1                         45600002Protesto após 5 dias                                        000025
1                   000902692011248461-1827                   0000000000000001827100000000002               011827      08101100000000086500000000012N031011000000000000000290000000000000000000000000000000000000000000000102248702000114MOURA E MENEZES SERVIÇOS ADMINISTRATIVOSRua Dr. Curvelo Cavalcante,189-Loja 315             23810300Protesto após 5 dias                                        000026
1                   000902692011248461-1828                   0000000000000001828P00000000002               011828      08101100000000007500000000012N031011000000000000000030000000000000000000000000000000000000000000000113287999000143ASSESSORIA CARTORÁRIA CARMO E PÁDUA LTDAAv. Cardoso Moreira,431-Loja 11                     28300000Protesto após 5 dias                                        000027
1                   000902692011248461-1829                   0000000000000001829800000000002               011829      08101100000000030350000000012N031011000000000000000100000000000000000000000000000000000000000000000114130979000127FORMA LEGAL INTERMEDIACAO CARTORARIA LTDRua Venancio Ayres,459-Piso Inferior                18200013Protesto após 5 dias                                        000028
1                   000902692011248461-1830                   0000000000000001830100000000002               011830      08101100000000389200000000012N031011000000000000001300000000000000000000000000000000000000000000000112443155000181ASSESSORIA E CONSULTORIA CARTORARIA DE DRua Santa Cruz,652                                  13300090Protesto após 5 dias                                        000029
1                   000902692011248461-1831                   0000000000000001831P00000000002               011831      08101100000000132700000000012N031011000000000000000440000000000000000000000000000000000000000000000113565373000151ALMEIDA SOUZA & VASQUEZ - APOIO ADMINISTAv. Bernardino de Campos,174                        12308010Protesto após 5 dias                                        000030
1                   000902692011248461-1832                   0000000000000001832800000000002               011832      08101100000000012250000000012N031011000000000000000040000000000000000000000000000000000000000000000112139078000170RW MARIZ ESTRUTURA CARTORAL LTDA        Av Epitácio Pessoa,475-Sala 05                      58030906Protesto após 5 dias                                        000031
1                   000902692011248461-1833                   0000000000000001833600000000002               011833      08101100000000129540000000012N031011000000000000000430000000000000000000000000000000000000000000000112572498000146Alphacentral Documentos e Serviços LTDA Rua Zacarias de Goes,285                            13201800Protesto após 5 dias                                        000032
1                   000902692011248461-1834                   0000000000000001834400000000002               011834      08101100000000003250000000012N031011000000000000000010000000000000000000000000000000000000000000000113585685000127ASSESSORIA CARTORÁRIA LIMEIRA LTDA ME   Rua Senador Vergueiro ,788                          13480001Protesto após 5 dias                                        000033
1                   000902692011248461-1835                   0000000000000001835200000000002               011835      08101100000000406440000000012N0310110000000000000013500000000000000000000000000000000000000000000001112843480001743G7 ASSESSORIA E ORGANIZAÇÃO DE DOCUMENTRua Goiás,1332                                      86020410Protesto após 5 dias                                        000034
1                   000902692011248461-1836                   0000000000000001836000000000002               011836      08101100000000010250000000012N031011000000000000000030000000000000000000000000000000000000000000000111619454000161ASSESSORIA CARTORÁRIA DO NORDESTE LTDA  Av. Moreira e Silva,821A                            57051500Protesto após 5 dias                                        000035
1                   000902692011248461-1837                   0000000000000001837900000000002               011837      08101100000000052000000000012N031011000000000000000170000000000000000000000000000000000000000000000111222886000134ELIDA ASSESSORIA EMPRESARIAL LTDA       R. Neo Alves Martins,2955-Sala 03                   87013060Protesto após 5 dias                                        000036
1                   000902692011248461-1838                   0000000000000001838700000000002               011838      08101100000000007680000000012N031011000000000000000030000000000000000000000000000000000000000000000112837049000182TOWER NITEROI SERVIÇOS DE CARTÓRIO E CERRua Visconde de Sepetiba,935-Loja 134               24020206Protesto após 5 dias                                        000037
1                   000902692011248461-1839                   0000000000000001839500000000002               011839      08101100000000532300000000012N031011000000000000001770000000000000000000000000000000000000000000000113133167000172MONARO & FRANCO SERVIÇOS ORGANIZACIONAISRua dos Marianos,132                                06016050Protesto após 5 dias                                        000038
1                   000902692011248461-1840                   0000000000000001840900000000002               011840      08101100000000009250000000012N031011000000000000000030000000000000000000000000000000000000000000000113622593000170VERA & MARIA SERVIÇOS E ASSESSORIA CARTORua Paraná,629                                      19900021Protesto após 5 dias                                        000039
1                   000902692011248461-1841                   0000000000000001841700000000002               011841      08101100000000006000000000012N031011000000000000000020000000000000000000000000000000000000000000000113969109000183CAVALCANTE & CRUZ INTERMEDIACAO CARTORARAv. Getulio Vargas,139                              58400052Protesto após 5 dias                                        000040
1                   000902692011248461-1842                   0000000000000001842500000000002               011842      08101100000000014350000000012N031011000000000000000050000000000000000000000000000000000000000000000113743219000122Valentim e Silva Serviços               Praça Antônio Dias,584                              38700110Protesto após 5 dias                                        000041
1                   000902692011248461-1843                   0000000000000001843300000000002               011843      08101100000000004000000000012N031011000000000000000010000000000000000000000000000000000000000000000113845551000106MACEDO & MELO INTERMEDIACOES CARTORARIASRua David Caldas,564-B                              64000190Protesto após 5 dias                                        000042
1                   000902692011248461-1844                   0000000000000001844100000000002               011844      08101100000000258540000000012N031011000000000000000860000000000000000000000000000000000000000000000111253279000131ANDRIETTA & PIVA LTDA                   R. Gov. Pedro de Toledo,569                         13400070Protesto após 5 dias                                        000043
1                   000902692011248461-1845                   0000000000000001845P00000000002               011845      08101100000000232480000000012N031011000000000000000770000000000000000000000000000000000000000000000106058057000128CTPOST SERVIÇOS LTDA ME                 Rua Dr. Flores,263/503                              90020122Protesto após 5 dias                                        000044
1                   000902692011248461-1846                   0000000000000001846800000000002               011846      08101100000000018950000000012N031011000000000000000060000000000000000000000000000000000000000000000112462165000164Viviane Aparecida Henriques - EPP       Rua Rui Barbosa,164                                 19010260Protesto após 5 dias                                        000045
1                   000902692011248461-1847                   0000000000000001847600000000002               011847      08101100000000011880000000012N031011000000000000000040000000000000000000000000000000000000000000000113800899000179TEIXEIRA CARREIRO INTERMEDIACAO CARTORARRua Luiz Pistarini,74-Loja E                        27541085Protesto após 5 dias                                        000046
1                   000902692011248461-1848                   0000000000000001848400000000002               011848      08101100000000287180000000012N031011000000000000000960000000000000000000000000000000000000000000000111675298000156MORANDO & MORANDO SERVIÇOS TRANSCRIÇÃO DRua Tibiriçá,189                                    14010090Protesto após 5 dias                                        000047
1                   000902692011248461-1849                   0000000000000001849200000000002               011849      08101100000000092700000000012N031011000000000000000310000000000000000000000000000000000000000000000111144435000126PATRÍCIO DOCUMENTOS CARTORARIOS LTDA ME R. da Assembléia,10-Lj. Subsl. 112                  20011000Protesto após 5 dias                                        000048
1                   000902692011248461-1850                   0000000000000001850600000000002               011850      08101100000000050640000000012N031011000000000000000170000000000000000000000000000000000000000000000113350598000190CP SERVIÇOS ADMINISTRATIVO LTDA - ME    Rua Arnaldo Estevão de Figueiredo,640               78700150Protesto após 5 dias                                        000049
1                   000902692011248461-1851                   0000000000000001851400000000002               011851      08101100000000046100000000012N031011000000000000000150000000000000000000000000000000000000000000000113576355000175NELSON CARLOS LEME                      Rua 9 de Julho,696                                  13320005Protesto após 5 dias                                        000050
1                   000902692011248461-1852                   0000000000000001852200000000002               011852      08101100000000137100000000012N031011000000000000000460000000000000000000000000000000000000000000000113098867000173ROMI & ZANATTA LTDA - ME                Rua Floriano Peixoto,692                            13450023Protesto após 5 dias                                        000051
1                   000902692011248461-1853                   0000000000000001853000000000002               011853      08101100000000087090000000012N031011000000000000000290000000000000000000000000000000000000000000000108854020000131M.V. FRANZOSO – SOLUCOES EMPRESARIAIS – Rua Rio Branco,483                                  09710090Protesto após 5 dias                                        000052
1                   000902692011248461-1854                   0000000000000001854900000000002               011854      08101100000000015850000000012N031011000000000000000050000000000000000000000000000000000000000000000113821603000104SPEEDCART APOIO E SERVICOS ADMINISTRATIVRua Amazonas,156                                    09520060Protesto após 5 dias                                        000053
1                   000902692011248461-1855                   0000000000000001855700000000002               011855      08101100000000100750000000012N031011000000000000000340000000000000000000000000000000000000000000000113433192000171CONSULT SERVICE ASSESSORIA CARTORÁRIA LTRua Episcopal,1714-Loja 02                          13560570Protesto após 5 dias                                        000054
1                   000902692011248461-1856                   0000000000000001856500000000002               011856      08101100000000445880000000012N031011000000000000001490000000000000000000000000000000000000000000000111495482000114CATARINENSE ASSESSORIA CARTORÁRIA LTDA  Rua Antônio Scherer,465-Loja 3                      88102090Protesto após 5 dias                                        000055
1                   000902692011248461-1857                   0000000000000001857300000000002               011857      08101100000003157030000000012N031011000000000000010520000000000000000000000000000000000000000000000110906064000100MAIA SERVIÇOS ADMINISTRATIVOS LTDA      Rua Bernardino de Campos,3180-Loja 04 Ga            15015300Protesto após 5 dias                                        000056
1                   000902692011248461-1858                   0000000000000001858100000000002               011858      08101100000001038110000000012N031011000000000000003460000000000000000000000000000000000000000000000111165549000152D´ VASQUEZ SERVIÇOS CARTORARIOS LTDA - EAv. Dr. João Guilhermino,293                        12210131Protesto após 5 dias                                        000057
1                   000902692011248461-1859                   0000000000000001859P00000000002               011859      08101100000000674250000000012N031011000000000000002250000000000000000000000000000000000000000000000111163439000151RF-SERVICOS DE DOCUMENTACAO LTDA.       Av. Mal. Castelo Branco,173-A                       65076090Protesto após 5 dias                                        000058
1                   000902692011248461-1860                   0000000000000001860300000000002               011860      08101100000000497210000000012N031011000000000000001660000000000000000000000000000000000000000000000110999668000148ASSESSORIA E CONSULTORIA DE DOCUMENTOS ER. Leopoldo Machado,242-Loja 02                     18035075Protesto após 5 dias                                        000059
1                   000902692011248461-1861                   0000000000000001861100000000002               011861      08101100000000020060000000012N031011000000000000000070000000000000000000000000000000000000000000000151915072000108Associação Comercial, Industrial e AgropRua Antônio Jorge Chebab,1212                       13170005Protesto após 5 dias                                        000060
1                   000902692011248461-1862                   0000000000000001862P00000000002               011862      08101100000000534130000000012N031011000000000000001780000000000000000000000000000000000000000000000111029315000188SUZAN CART CERTIDOES LTDA - ME          Rua Gal. Francisco Glicério,1185                    08674003Protesto após 5 dias                                        000061
1                   000902692011248461-1863                   0000000000000001863800000000002               011863      08101100000000812520000000012N031011000000000000002710000000000000000000000000000000000000000000000111165549000233D´ VASQUEZ SERVIÇOS CARTORARIOS LTDA EPPRua Coronel Augusto Monteiro,650                    12020160Protesto após 5 dias                                        000062
1                   000902692011248461-1864                   0000000000000001864600000000002               011864      08101100000000017000000000012N031011000000000000000060000000000000000000000000000000000000000000000110918131000106PROCART - PROCESSOS CARTORAIS LTDA      Rua Primeiro de Janeiro,35-Sala 101                 35180032Protesto após 5 dias                                        000063
1                   000902692011248461-1865                   0000000000000001865400000000002               011865      08101100000000088920000000012N031011000000000000000300000000000000000000000000000000000000000000000113406670000154RODRIGUES E VIEIRA LTDA.                208 Sul AV. LO 03-LT 11, ED. VITORIA, Sa            77020542Protesto após 5 dias                                        000064
1                   000902692011248461-1866                   0000000000000001866200000000002               011866      08101100000000705150000000012N031011000000000000002350000000000000000000000000000000000000000000000111834699000101REGIS ORLANDINI ASSESSORIA CARTORARIA LTAv. João Naves de Ávila,81                          38400600Protesto após 5 dias                                        000065
1                   000902692011248461-1867                   0000000000000001867000000000002               011867      08101100000000116520000000012N031011000000000000000390000000000000000000000000000000000000000000000113358931000108RAFAELA FALCATO DE OLIVEIRA - EPP       Rua Antônio Carlos,153-Sala 04                      13270005Protesto após 5 dias                                        000066
1                   000902692011248461-1868                   0000000000000001868900000000002               011868      08101100000000113150000000012N031011000000000000000380000000000000000000000000000000000000000000000113372039000181De Paula & França Serviço Privado de IntAv. Nossa Senhora da Penha,235-Loja 03              29055050Protesto após 5 dias                                        000067
1                   000902692011248461-1869                   0000000000000001869700000000002               011869      08101100000000078900000000012N031011000000000000000260000000000000000000000000000000000000000000000111479061000108ANDRADE SOARES LOPES LTDA               Rua Lehar David,05                                  45000445Protesto após 5 dias                                        000068
1                   000902692011248461-1870                   0000000000000001870000000000002               011870      14101100000000076000000000012N041011120000000000000250000000000000000000000000000000000000000000000200360305267887104 Caixa Econômica Federal             Rua São Joaquim,,69-5º andar                        01508000                                                            000069
1                   000902692011248461-1871                   0000000000000001871900000000002               011871      14101100000001047620000000012N041011120000000000003490000000000000000000000000000000000000000000000200360305025441104 Caixa Econômica Federal             RUA: Joaquim Floriano, ,446                         04534002                                                            000070
1                   000902692011248461-1872                   0000000000000001872700000000002               011872      14101100000001040000000000012N041011120000000000003470000000000000000000000000000000000000000000000262232889000190Banco Daycoval S/A                      Avenida Paulista ,1793-02º Andar                    01311200                                                            000071
1                   000902692011248461-1695                   0000000000000001695300000000002               061695      10101100000000120000000000012N190911120000000000010000000000000000000000000000000000000000000000000200360305257300104 Caixa Econômica Federal             Av Paulista,,1842-Torre Norte // 20º and            01310923                                                            000072
1                   000902692011248461-1784                   0000000000000001784400000000002               311784      10101100000000001400000000012N280911120000000000010000000000000000000000000000000000000000000000000262232889000190Banco Daycoval S/A                      Avenida Paulista ,1793-02º Andar                    01311200                                                            000073
1                   000902692011248461-1784                   0000000000000001784400000000002               311784      10101100000000001400000000012N280911120000000000010000000000000000000000000000000000000000000000000262232889000190Banco Daycoval S/A                      Avenida Paulista ,1793-02º Andar                    01311200                                                            000074
1                   000902692011248461-1784                   0000000000000001784400000000002               311784      10101100000001400000000000012N280911120000000000010000000000000000000000000000000000000000000000000262232889000190Banco Daycoval S/A                      Avenida Paulista ,1793-02º Andar                    01311200                                                            000075
1                   000902692011248461-1772                   0000000000000001772000000000002               311772      14101100000000420000000000012N270911120000000000010000000000000000000000000000000000000000000000000233479023000180BANCO CITIBANK S.A                      Avenida Paulista, nº 1.111, 2º andar,1.1            01311920                                                            000076
1                   000902692011248461-1772                   0000000000000001772000000000002               061772      14101100000000420000000000012N270911120000000000010000000000000000000000000000000000000000000000000233479023000180BANCO CITIBANK S.A                      Avenida Paulista, nº 1.111, 2º andar,1.1            01311920                                                            000077
1                   000902692011248461-1770                   0000000000000001770400000000002               061770      12101100000000077000000000012N270911120000000000010000000000000000000000000000000000000000000000000270940994000101PANDURATA ALIMENTOS LTDA.               Rua Fritz Reimann,628-3º andar                      07044020                                                            000078
1                   000902692011248461-1771                   0000000000000001771200000000002               061771      12101100000000077000000000012N270911120000000000010000000000000000000000000000000000000000000000000270940994000101PANDURATA ALIMENTOS LTDA.               Rua Fritz Reimann,628-3º andar                      07044020                                                            000079
1                   000902692011248461-1785                   0000000000000001785200000000002               061785      12101100000001365210000000012N290911120000000000010000000000000000000000000000000000000000000000000270940994000101PANDURATA ALIMENTOS LTDA.               Rua Fritz Reimann,628-3º andar                      07044020                                                            000080
1                   000902692011248461-1779                   0000000000000001779800000000002               061779      14101100000000110000000000012N280911120000000000010000000000000000000000000000000000000000000000000258160789000128422 Banco Safra S.A.                    Avenida Brigadeiro Luís Antônio,383-conj            01317000                                                            000081
9                                                                                                                                                                                                                                                                                                                                                                                                         000082