01REMESSA01COBRANCA       00000000000004130991SISTEMA DE CARTóRIO CERTIDõES 237BRADESCO       050711        MX0000397                                                                                                                                                                                                                                                                                     000001
1                   000902692011248461-1062                   0000000000000001062900000000002               011062      08071100000035000000000000012N040711000000000000000000000000000000000000000000000000000000000000000100057822450263RUI FRAZAO DE SOUZA                     RUA DOS PARIQUIS, 1880 APTO 602                     66033590                                                            000002
1                   000902692011248461-1063                   0000000000000001063700000000002               011063      05071100000024700000000000012N040711000000000000000000000000000000000000000000000000000000000000000100020804717672PAULO ROBERTO HILEL DA COSTA TOURINHO   RUA DIANA, 573 - APTO 402                           05019000                                                            000003
1                   000902692011248461-1064                   0000000000000001064500000000002               011064      15071100000030000000000000012N040711000000000000000000000000000000000000000000000000000000000000000100082181730563PAULO CESAR ARAUJO SANTOS               RUA ANA MARIA BITTENCOURT, 420                      40391286                                                            000004
1                   000902692011248461-1065                   0000000000000001065300000000002               011065      15071100000000030000000000012N050711120000000000000100000000000000000000000000000000000000000000000211107402000106MARCONE E MARCELO SERVIÇOS AUTOMOTIVOS LAvenida Engenheiro George Corbisier ,273            04345000                                                            000005
1                   000902692011248461-1066                   0000000000000001066100000000002               011066      15071100000000342200000000012N050711120000000000001140000000000000000000000000000000000000000000000100017683448842LUIS MARTINS NETTO                      Rua Barão de Ladário,670-Sl. 404                    03010000                                                            000006
1                   000902692011248461-1067                   0000000000000001067P00000000002               011067      15071100000000240000000000012N050711120000000000000800000000000000000000000000000000000000000000000208344024000170GAE CONFECÇÕES DE ROUPAS LTDA EPP       Rua Mendes Júnior,539                               03013010                                                            000007
1                   000902692011248461-1068                   0000000000000001068800000000002               011068      15071100000000100000000000012N050711120000000000000330000000000000000000000000000000000000000000000209341920000148CPM Braxis BPO Ltda                     Rua Campos Sales ,308                               06401000                                                            000008
1                   000902692011248461-1069                   0000000000000001069600000000002               011069      15071100000000113000000000012N050711120000000000000380000000000000000000000000000000000000000000000210377191000169ACM  Legalizações Empresariais Ltda. - MAvenida Capitão Mário Toledo de Camargo,            09170150                                                            000009
1                   000902692011248461-1070                   0000000000000001070P00000000002               011070      15071100000000029000000000012N050711120000000000000100000000000000000000000000000000000000000000000210377191000169ACM  Legalizações Empresariais Ltda. - MAvenida Capitão Mário Toledo de Camargo,            09170150                                                            000010
1                   000902692011248461-1071                   0000000000000001071800000000002               011071      15071100000000160000000000012N050711120000000000000530000000000000000000000000000000000000000000000270030457000809TRIGUEIROFONTES  ADVOGADOS              Rua Haddock Lobo ,846-13 andar  Prédio B            01414000                                                            000011
1                   000902692011248461-1072                   0000000000000001072600000000002               011072      15071100000000100000000000012N050711120000000000000330000000000000000000000000000000000000000000000253283180000122Tesheiner Cavassani e Giacomazi AdvogadoRua João Adolfo,118-Conj. 405                       01050020                                                            000012
1                   000902692011248461-1073                   0000000000000001073400000000002               011073      15071100000000170000000000012N050711120000000000000570000000000000000000000000000000000000000000000233479023000180CITIBANK RISK MANAGEMENT                Avenida Paulista,,1.111-2º andar                    01311920                                                            000013
1                   000902692011248461-1074                   0000000000000001074200000000002               011074      15071100000000050000000000012N050711120000000000000170000000000000000000000000000000000000000000000200360305116676104 Caixa Econômica Federal             Avenida Carlos de Campos,,160                       03028000                                                            000014
1                   000902692011248461-1075                   0000000000000001075000000000002               011075      15071100000000400010000000012N050711120000000000001330000000000000000000000000000000000000000000000205888414000112CREAÇÕES MX FASHION LIMITADA            Rua Aimorés ,210                                    01122010                                                            000015
1                   000902692011248461-1076                   0000000000000001076900000000002               011076      15071100000000180000000000012N050711120000000000000600000000000000000000000000000000000000000000000200425653000112GIARDINO NOIVAS LTDA ME                 Rua Dutra Rodrigues,74                              01105010                                                            000016
1                   000902692011248461-983                    0000000000000000983300000000002               02983       11071100000000120000000000012N2906111200000000000100000000000000000000000000000000000000000000000002000000005288461 Banco do Brasil S.A.                  Avenida Itaberaba,1735                              02734000                                                            000017
1                   000902692011248461-932                    0000000000000000932900000000002               06932       05071100000001702080000000012N170611000000000000010000000000000000000000000000000000000000000000000207058096000198ANA PELLEGRINI ADVOGADOS ASSOCIADOS     Avenida Paulista,1159-Conj. 703 – 7º and            01311200                                                            000018
1                   000902692011248461-1044                   0000000000000001044000000000002               311044      08071100000000016850000000012N030711000000000000010000000000000000000000000000000000000000000000000213350598000190CP SERVIÇOS ADMINISTRATIVO LTDA - ME    Rua Arnaldo Estevão de Figueiredo, 640              78700150Protesto após 5 dias                                        000019
9                                                                                                                                                                                                                                                                                                                                                                                                         000020