01REMESSA01COBRANCA       00000000000004130991SISTEMA DE CARTóRIO CERTIDõES 237BRADESCO       050911        MX0000434                                                                                                                                                                                                                                                                                     000001
1                   000902692011248461-1525                   0000000000000001525600000000002               011525      05091100000024700000000000012N020911000000000000000000000000000000000000000000000000000000000000000100004072436828JULIO LUIZ DEA                          RUA NOSSA SENHORA DE FATIMA, 694                    09540100                                                            000002
1                   000902692011248461-1526                   0000000000000001526400000000002               011526      20101100000024700000000000012N020911000000000000000000000000000000000000000000000000000000000000000100004072436828JULIO LUIZ DEA                          RUA NOSSA SENHORA DE FATIMA, 694                    09540100                                                            000003
1                   000902692011248461-1527                   0000000000000001527200000000002               011527      12091100000004854080000000012N020911120000000000016180000000000000000000000000000000000000000000000270940994000101PANDURATA ALIMENTOS LTDA.               Rua Fritz Reimann,628-3º andar                      07044020                                                            000004
1                   000902692011248461-1528                   0000000000000001528000000000002               011528      12091100000000510000000000012N020911120000000000001700000000000000000000000000000000000000000000000209624793000194BIANCHINI SOCIEDADE DE ADVOGADOS        Avenida Pedroso de Morais,2315                      05419001                                                            000005
1                   000902692011248461-1529                   0000000000000001529900000000002               011529      12091100000000100000000000012N020911120000000000000330000000000000000000000000000000000000000000000200360305181656104 Caixa Econômica Federal             Avenida Santo Amaro ,7237                           04701200                                                            000006
1                   000902692011248461-1530                   0000000000000001530200000000002               011530      08091100000000104380000000012N040911000000000000000350000000000000000000000000000000000000000000000113293656000191GVN CONSULTORIA E ASSESSORIA CARTORÁRIA Av. Djalma Batista,1905-Lj. 12                      69050010Protesto após 5 dias                                        000007
1                   000902692011248461-1531                   0000000000000001531000000000002               011531      08091100000000038100000000012N040911000000000000000130000000000000000000000000000000000000000000000111818583000189MARCIA JERONYMA DE MORAES LOPES         Av. Nossa Sra. Auxiliadora,S/N-Quadra 09            74980080Protesto após 5 dias                                        000008
1                   000902692011248461-1532                   0000000000000001532900000000002               011532      08091100000000029690000000012N040911000000000000000100000000000000000000000000000000000000000000000111838860000115M.L. CARDOSO - PRESTAÇÃO DE SERVIÇOS - ERua Luiz Pereira Barreto,304                        16010320Protesto após 5 dias                                        000009
1                   000902692011248461-1533                   0000000000000001533700000000002               011533      08091100000000071900000000012N040911000000000000000240000000000000000000000000000000000000000000000113321680000197Ana Claudia Barbiere Alves Ferreira - MERua São Bento,1688                                  14801300Protesto após 5 dias                                        000010
1                   000902692011248461-1534                   0000000000000001534500000000002               011534      08091100000000039700000000012N040911000000000000000130000000000000000000000000000000000000000000000111871164000100PANDIN BUENO ASSESSORIA CARTORÁRIA LTDA Rua 20,1014                                         14780070Protesto após 5 dias                                        000011
1                   000902692011248461-1535                   0000000000000001535300000000002               011535      08091100000000023110000000012N040911000000000000000080000000000000000000000000000000000000000000000113078931000154Camargo & Oliveira Assessoria CartoráriaRua Santos Dumont,219                               14300000Protesto após 5 dias                                        000012
1                   000902692011248461-1536                   0000000000000001536100000000002               011536      08091100000000199510000000012N040911000000000000000670000000000000000000000000000000000000000000000111864024000105AGICART - SERVIÇOS DOCUMENTALISTAS INTERRua Afonso Pena,5-47                                17060250Protesto após 5 dias                                        000013
1                   000902692011248461-1537                   0000000000000001537P00000000002               011537      08091100000000172460000000012N040911000000000000000570000000000000000000000000000000000000000000000113238744000190ARCHANJO TEIXEIRA PREPARAÇÃO DE DOCUMENTAv. Brasil,1586-Loja 06                             30140003Protesto após 5 dias                                        000014
1                   000902692011248461-1538                   0000000000000001538800000000002               011538      08091100000000044500000000012N040911000000000000000150000000000000000000000000000000000000000000000111564744000155SARAIVA´S CONSULTORIA EMPRESARIAL LTDA  Rua Prefeito José Santana Trigueiro,183             32604188Protesto após 5 dias                                        000015
1                   000902692011248461-1539                   0000000000000001539600000000002               011539      08091100000000089610000000012N040911000000000000000300000000000000000000000000000000000000000000000113619244000107BRAGPOST ASSESSORIA CARTORARIA LTDA     Av. Antonio Pires Pimentel,707                      12914001Protesto após 5 dias                                        000016
1                   000902692011248461-1540                   0000000000000001540P00000000002               011540      08091100000000032760000000012N040911000000000000000110000000000000000000000000000000000000000000000112196193000187BR ASSESSORIA CARTORARIA LTDA           CLSW,101-Bloco C, Loja 73                           70670503Protesto após 5 dias                                        000017
1                   000902692011248461-1541                   0000000000000001541800000000002               011541      08091100000000018200000000012N040911000000000000000060000000000000000000000000000000000000000000000113635488000175GARCIA E SANTOS ASSESSORIA CARTORARIA LTRua Raul Veiga,708-Loja B                           28907090Protesto após 5 dias                                        000018
1                   000902692011248461-1542                   0000000000000001542600000000002               011542      08091100000000737440000000012N040911000000000000002460000000000000000000000000000000000000000000000113358931000108RAFAELA FALCATO DE OLIVEIRA EPP         R. Dr. Antônio Alvares Lobo,226                     13020110Protesto após 5 dias                                        000019
1                   000902692011248461-1543                   0000000000000001543400000000002               011543      08091100000000018500000000012N040911000000000000000060000000000000000000000000000000000000000000000113192551000146SERVICE CART SERVICOS LTDA - ME         Rua Padre Fabiano,637-Sala 03                       13360000Protesto após 5 dias                                        000020
1                   000902692011248461-1544                   0000000000000001544200000000002               011544      08091100000000106800000000012N040911000000000000000360000000000000000000000000000000000000000000000111198466000160GOMES & KUNCEVICIUS LTDA ME             Rua Prisciliana de Castilho,374-Sala 06             11660330Protesto após 5 dias                                        000021
1                   000902692011248461-1545                   0000000000000001545000000000002               011545      08091100000000036970000000012N040911000000000000000120000000000000000000000000000000000000000000000111569240000128FLECK ASSESSORIA ADMINISTRATIVA LTDA    Avenida Tancredo Neves,385                          85805000Protesto após 5 dias                                        000022
1                   000902692011248461-1546                   0000000000000001546900000000002               011546      08091100000000252300000000012N040911000000000000000840000000000000000000000000000000000000000000000112761154000185MC PRESTADORA DE SERVIÇOS ADMINISTRATIVORua Marechal José B. Bormann,164 E-Sala             89802120Protesto após 5 dias                                        000023
1                   000902692011248461-1547                   0000000000000001547700000000002               011547      08091100000000005000000000012N040911000000000000000020000000000000000000000000000000000000000000000112818673000132ADRIANA JUSSARA BENDER - ME             Rua Comandante Costa,718                            78020400Protesto após 5 dias                                        000024
1                   000902692011248461-1548                   0000000000000001548500000000002               011548      08091100000000113580000000012N040911000000000000000380000000000000000000000000000000000000000000000112655472000161CURITIBA ASSESSORIA CARTORARIA LTDA     Rua Tibagi,506                                      80060110Protesto após 5 dias                                        000025
1                   000902692011248461-1549                   0000000000000001549300000000002               011549      08091100000000216660000000012N040911000000000000000720000000000000000000000000000000000000000000000112632803000148RUBIANA SERVIÇOS DE CARTORIO, CERTIDÕES Rua das Esmeraldas,186                              09920520Protesto após 5 dias                                        000026
1                   000902692011248461-1550                   0000000000000001550700000000002               011550      08091100000000009440000000012N040911000000000000000030000000000000000000000000000000000000000000000113787920000143GAONA E ALVARENGA INTERMEDIAÇÃO CARTORÁRAv. Prefeito Osmar Cunha,183-Bloco B - S            88015900Protesto após 5 dias                                        000027
1                   000902692011248461-1551                   0000000000000001551500000000002               011551      08091100000000022750000000012N040911000000000000000080000000000000000000000000000000000000000000000113417036000117ASSESSORIA CARTORARIA HORTOLANDIA LTDA  Rua João Camilo de Camargo,289                      13184290Protesto após 5 dias                                        000028
1                   000902692011248461-1552                   0000000000000001552300000000002               011552      08091100000000046750000000012N040911000000000000000160000000000000000000000000000000000000000000000112498961000157HANNAH ASSESSORIA CARTORÁRIA LTDA       Rua Visconde de Mauá,208-Térreo                     45653260Protesto após 5 dias                                        000029
1                   000902692011248461-1553                   0000000000000001553100000000002               011553      08091100000000094570000000012N040911000000000000000320000000000000000000000000000000000000000000000112162069000109GODOI & GODOY ASSESSORIA CARTORARIA LTDAAv. Francisco de Paula Leite,1699                   13344325Protesto após 5 dias                                        000030
1                   000902692011248461-1554                   0000000000000001554P00000000002               011554      08091100000001000000000000012N040911000000000000003330000000000000000000000000000000000000000000000112354736000147SANTOS HAVELANGE ASSESSORIA CARTORÁRIA LRua Adolfo Maron,28-ANDAR 1                         45600002Protesto após 5 dias                                        000031
1                   000902692011248461-1555                   0000000000000001555800000000002               011555      08091100000000212120000000012N040911000000000000000710000000000000000000000000000000000000000000000102248702000114MOURA E MENEZES SERVIÇOS ADMINISTRATIVOSRua Dr. Curvelo Cavalcante,189-Loja 315             23810300Protesto após 5 dias                                        000032
1                   000902692011248461-1556                   0000000000000001556600000000002               011556      08091100000000039500000000012N040911000000000000000130000000000000000000000000000000000000000000000113287999000143ASSESSORIA CARTORÁRIA CARMO E PÁDUA LTDAAv. Cardoso Moreira,431-Loja 11                     28300000Protesto após 5 dias                                        000033
1                   000902692011248461-1557                   0000000000000001557400000000002               011557      08091100000000123950000000012N040911000000000000000410000000000000000000000000000000000000000000000112443155000181ASSESSORIA E CONSULTORIA CARTORARIA DE DRua Santa Cruz,652                                  13300090Protesto após 5 dias                                        000034
1                   000902692011248461-1558                   0000000000000001558200000000002               011558      08091100000000100630000000012N040911000000000000000340000000000000000000000000000000000000000000000113565373000151ALMEIDA SOUZA & VASQUEZ - APOIO ADMINISTAv. Bernardino de Campos,174                        12308010Protesto após 5 dias                                        000035
1                   000902692011248461-1559                   0000000000000001559000000000002               011559      08091100000000187650000000012N040911000000000000000630000000000000000000000000000000000000000000000112572498000146Alphacentral Documentos e Serviços LTDA Rua Zacarias de Goes,285                            13201800Protesto após 5 dias                                        000036
1                   000902692011248461-1560                   0000000000000001560400000000002               011560      08091100000000320010000000012N0409110000000000000010700000000000000000000000000000000000000000000001112843480001743G7 ASSESSORIA E ORGANIZAÇÃO DE DOCUMENTRua Goiás,1332                                      86020410Protesto após 5 dias                                        000037
1                   000902692011248461-1561                   0000000000000001561200000000002               011561      08091100000000035500000000012N040911000000000000000120000000000000000000000000000000000000000000000111619454000161ASSESSORIA CARTORÁRIA DO NORDESTE LTDA  Av. Moreira e Silva,821A                            57051500Protesto após 5 dias                                        000038
1                   000902692011248461-1562                   0000000000000001562000000000002               011562      08091100000000132850000000012N040911000000000000000440000000000000000000000000000000000000000000000111222886000134ELIDA ASSESSORIA EMPRESARIAL LTDA       R. Neo Alves Martins,2955-Sala 03                   87013060Protesto após 5 dias                                        000039
1                   000902692011248461-1563                   0000000000000001563900000000002               011563      08091100000000002800000000012N040911000000000000000010000000000000000000000000000000000000000000000112837049000182TOWER NITEROI SERVIÇOS DE CARTÓRIO E CERRua Visconde de Sepetiba,935-Loja 134               24020206Protesto após 5 dias                                        000040
1                   000902692011248461-1564                   0000000000000001564700000000002               011564      08091100000000401990000000012N040911000000000000001340000000000000000000000000000000000000000000000113133167000172MONARO & FRANCO SERVIÇOS ORGANIZACIONAISRua dos Marianos,132                                06016050Protesto após 5 dias                                        000041
1                   000902692011248461-1565                   0000000000000001565500000000002               011565      08091100000000026100000000012N040911000000000000000090000000000000000000000000000000000000000000000113622593000170VERA & MARIA SERVIÇOS E ASSESSORIA CARTORua Paraná,629                                      19900021Protesto após 5 dias                                        000042
1                   000902692011248461-1566                   0000000000000001566300000000002               011566      08091100000000037050000000012N040911000000000000000120000000000000000000000000000000000000000000000113743219000122Valentim e Silva Serviços               Praça Antônio Dias,584                              38700110Protesto após 5 dias                                        000043
1                   000902692011248461-1567                   0000000000000001567100000000002               011567      08091100000000307950000000012N040911000000000000001030000000000000000000000000000000000000000000000111253279000131ANDRIETTA & PIVA LTDA                   R. Gov. Pedro de Toledo,569                         13400070Protesto após 5 dias                                        000044
1                   000902692011248461-1568                   0000000000000001568P00000000002               011568      08091100000000645670000000012N040911000000000000002150000000000000000000000000000000000000000000000106058057000128CTPOST SERVIÇOS LTDA ME                 Rua Dr. Flores,263/503                              90020122Protesto após 5 dias                                        000045
1                   000902692011248461-1569                   0000000000000001569800000000002               011569      08091100000000065490000000012N040911000000000000000220000000000000000000000000000000000000000000000112462165000164Viviane Aparecida Henriques - EPP       Rua Rui Barbosa,164                                 19010260Protesto após 5 dias                                        000046
1                   000902692011248461-1570                   0000000000000001570100000000002               011570      08091100000000022600000000012N040911000000000000000080000000000000000000000000000000000000000000000111619454000161ASSESSORIA CARTORÁRIA DO NORDESTE LTDA  Av. Conselheiro Rosa e Silva,1460 -Sala             52020220Protesto após 5 dias                                        000047
1                   000902692011248461-1571                   0000000000000001571P00000000002               011571      08091100000000144590000000012N040911000000000000000480000000000000000000000000000000000000000000000111675298000156MORANDO & MORANDO SERVIÇOS TRANSCRIÇÃO DRua Tibiriçá,189                                    14010090Protesto após 5 dias                                        000048
1                   000902692011248461-1572                   0000000000000001572800000000002               011572      08091100000000045970000000012N040911000000000000000150000000000000000000000000000000000000000000000111144435000126PATRÍCIO DOCUMENTOS CARTORARIOS LTDA ME R. da Assembléia,10-Lj. Subsl. 112                  20011000Protesto após 5 dias                                        000049
1                   000902692011248461-1573                   0000000000000001573600000000002               011573      08091100000000005660000000012N040911000000000000000020000000000000000000000000000000000000000000000111777632000182CFN ASSESSORIA EM DOCUMENTOS LTDA       R Prefeito Carlos José Carlson,226-CJ 01            09450000Protesto após 5 dias                                        000050
1                   000902692011248461-1574                   0000000000000001574400000000002               011574      08091100000000024790000000012N040911000000000000000080000000000000000000000000000000000000000000000113350598000190CP SERVIÇOS ADMINISTRATIVO LTDA - ME    Rua Arnaldo Estevão de Figueiredo,640               78700150Protesto após 5 dias                                        000051
1                   000902692011248461-1575                   0000000000000001575200000000002               011575      08091100000000106040000000012N040911000000000000000350000000000000000000000000000000000000000000000113576355000175NELSON CARLOS LEME                      Rua 9 de Julho,696                                  13320005Protesto após 5 dias                                        000052
1                   000902692011248461-1576                   0000000000000001576000000000002               011576      08091100000000014000000000012N050911000000000000000050000000000000000000000000000000000000000000000111419746000150AMA - ESTRUTURA CARTORAL LTDA - EPP     R. das Alfazemas,752-Loja 01 e 28 Shoppi            41820710Protesto após 5 dias                                        000053
1                   000902692011248461-1577                   0000000000000001577900000000002               011577      08091100000000389610000000012N050911000000000000001300000000000000000000000000000000000000000000000113098867000173ROMI & ZANATTA LTDA - ME                Rua Floriano Peixoto,692                            13450023Protesto após 5 dias                                        000054
1                   000902692011248461-1578                   0000000000000001578700000000002               011578      08091100000000205360000000012N050911000000000000000680000000000000000000000000000000000000000000000108854020000131M.V. FRANZOSO – SOLUCOES EMPRESARIAIS – Rua Rio Branco,483                                  09710090Protesto após 5 dias                                        000055
1                   000902692011248461-1579                   0000000000000001579500000000002               011579      08091100000000201600000000012N050911000000000000000670000000000000000000000000000000000000000000000113433192000171CONSULT SERVICE ASSESSORIA CARTORÁRIA LTRua Episcopal,1714-Loja 02                          13560570Protesto após 5 dias                                        000056
1                   000902692011248461-1580                   0000000000000001580900000000002               011580      08091100000000579200000000012N050911000000000000001930000000000000000000000000000000000000000000000111495482000114CATARINENSE ASSESSORIA CARTORÁRIA LTDA  Rua Antônio Scherer,465-Loja 3                      88102090Protesto após 5 dias                                        000057
1                   000902692011248461-1581                   0000000000000001581700000000002               011581      08091100000002175160000000012N050911000000000000007250000000000000000000000000000000000000000000000110906064000100MAIA SERVIÇOS ADMINISTRATIVOS LTDA      Rua Bernardino de Campos,3180-Loja 04 Ga            15015300Protesto após 5 dias                                        000058
1                   000902692011248461-1582                   0000000000000001582500000000002               011582      08091100000001589030000000012N050911000000000000005300000000000000000000000000000000000000000000000111165549000152D´ VASQUEZ SERVIÇOS CARTORARIOS LTDA - EAv. Dr. João Guilhermino,293                        12210131Protesto após 5 dias                                        000059
1                   000902692011248461-1583                   0000000000000001583300000000002               011583      08091100000000978100000000012N050911000000000000003260000000000000000000000000000000000000000000000111163439000151RF-SERVICOS DE DOCUMENTACAO LTDA.       Av. Mal. Castelo Branco,173-A                       65076090Protesto após 5 dias                                        000060
1                   000902692011248461-1584                   0000000000000001584100000000002               011584      08091100000000551460000000012N050911000000000000001840000000000000000000000000000000000000000000000110999668000148ASSESSORIA E CONSULTORIA DE DOCUMENTOS ER. Leopoldo Machado,242-Loja 02                     18035075Protesto após 5 dias                                        000061
1                   000902692011248461-1585                   0000000000000001585P00000000002               011585      08091100000000029610000000012N050911000000000000000100000000000000000000000000000000000000000000000151915072000108Associação Comercial, Industrial e AgropRua Antônio Jorge Chebab,1212                       13170005Protesto após 5 dias                                        000062
1                   000902692011248461-1586                   0000000000000001586800000000002               011586      08091100000000455570000000012N050911000000000000001520000000000000000000000000000000000000000000000111029315000188SUZAN CART CERTIDOES LTDA - ME          Rua Gal. Francisco Glicério,1185                    08674003Protesto após 5 dias                                        000063
1                   000902692011248461-1587                   0000000000000001587600000000002               011587      08091100000000340920000000012N050911000000000000001140000000000000000000000000000000000000000000000111165549000233D´ VASQUEZ SERVIÇOS CARTORARIOS LTDA EPPRua Coronel Augusto Monteiro,650                    12020160Protesto após 5 dias                                        000064
1                   000902692011248461-1588                   0000000000000001588400000000002               011588      08091100000000005600000000012N050911000000000000000020000000000000000000000000000000000000000000000111349928000100MARTINS E AFONSO ASSESSORIA EMPRESARIAL Travessa Ranulfo Feo,71                             25953000Protesto após 5 dias                                        000065
1                   000902692011248461-1589                   0000000000000001589200000000002               011589      08091100000000026000000000012N050911000000000000000090000000000000000000000000000000000000000000000110918131000106PROCART - PROCESSOS CARTORAIS LTDA      Rua Primeiro de Janeiro,35-Sala 101                 35180032Protesto após 5 dias                                        000066
1                   000902692011248461-1590                   0000000000000001590600000000002               011590      08091100000000014620000000012N050911000000000000000050000000000000000000000000000000000000000000000113406670000154RODRIGUES E VIEIRA LTDA.                208 Sul AV. LO 03-LT 11, ED. VITORIA, Sa            77020542Protesto após 5 dias                                        000067
1                   000902692011248461-1591                   0000000000000001591400000000002               011591      08091100000000773880000000012N050911000000000000002580000000000000000000000000000000000000000000000111834699000101REGIS ORLANDINI ASSESSORIA CARTORARIA LTAv. João Naves de Ávila,81                          38400600Protesto após 5 dias                                        000068
1                   000902692011248461-1592                   0000000000000001592200000000002               011592      08091100000000020360000000012N050911000000000000000070000000000000000000000000000000000000000000000113358931000108RAFAELA FALCATO DE OLIVEIRA - EPP       Rua Antônio Carlos,153-Sala 04                      13270005Protesto após 5 dias                                        000069
1                   000902692011248461-1593                   0000000000000001593000000000002               011593      08091100000000129500000000012N050911000000000000000430000000000000000000000000000000000000000000000113372039000181De Paula & França Serviço Privado de IntAv. Nossa Senhora da Penha,235-Loja 03              29055050Protesto após 5 dias                                        000070
1                   000902692011248461-1594                   0000000000000001594900000000002               011594      08091100000002500000000000012N050911000000000000008330000000000000000000000000000000000000000000000111479061000108ANDRADE SOARES LOPES LTDA               Rua Lehar David,05                                  45000445Protesto após 5 dias                                        000071
1                   000902692011248461-1595                   0000000000000001595700000000002               011595      15091100000000030000000000012N050911120000000000000100000000000000000000000000000000000000000000000100011814143858José Antonio de Santana                 Rua Itaguaru,26                                     05205190                                                            000072
1                   000902692011248461-1596                   0000000000000001596500000000002               011596      15091100000000286630000000012N050911120000000000000960000000000000000000000000000000000000000000000253283180000122Tesheiner Cavassani e Giacomazi AdvogadoRua João Adolfo,118-Conj. 405                       01050020                                                            000073
1                   000902692011248461-1597                   0000000000000001597300000000002               011597      15091100000000969050000000012N050911120000000000003230000000000000000000000000000000000000000000000253283180000122Tesheiner Cavassani e Giacomazi AdvogadoRua João Adolfo,118-Conj. 405                       01050020                                                            000074
1                   000902692011248461-1598                   0000000000000001598100000000002               011598      15091100000000401930000000012N050911120000000000001340000000000000000000000000000000000000000000000253283180000122Tesheiner Cavassani e Giacomazi AdvogadoRua João Adolfo,118-Conj. 405                       01050020                                                            000075
1                   000902692011248461-1599                   0000000000000001599P00000000002               011599      15091100000000280000000000012N050911120000000000000930000000000000000000000000000000000000000000000217184037019724389 Banco Mercantil do Brasil S.A.      Rua Capitão Gabriel,235                             07011010                                                            000076
1                   000902692011248461-1600                   0000000000000001600700000000002               011600      15091100000000170000000000012N050911120000000000000570000000000000000000000000000000000000000000000209624793000194BIANCHINI SOCIEDADE DE ADVOGADOS        Avenida Pedroso de Morais,2315                      05419001                                                            000077
1                   000902692011248461-1601                   0000000000000001601500000000002               011601      15091100000000170000000000012N050911120000000000000570000000000000000000000000000000000000000000000209624793000194BIANCHINI SOCIEDADE DE ADVOGADOS        Avenida Pedroso de Morais,2315                      05419001                                                            000078
1                   000902692011248461-1602                   0000000000000001602300000000002               011602      15091100000000600000000000012N050911120000000000002000000000000000000000000000000000000000000000000217184037010506389 Banco Mercantil do Brasil S.A.      Avenida Paulista ,923                               01311100                                                            000079
1                   000902692011248461-1603                   0000000000000001603100000000002               011603      26091100000000400000000000012N050911120000000000001330000000000000000000000000000000000000000000000209263012000183Fundo de Investimento em Direitos CreditAvenida Paulista,1499-19º. Andar                    01311200                                                            000080
1                   000902692011248461-1604                   0000000000000001604P00000000002               011604      15091100000000240000000000012N050911120000000000000800000000000000000000000000000000000000000000000253283180000122Tesheiner Cavassani e Giacomazi AdvogadoRua João Adolfo,118-Conj. 405                       01050020                                                            000081
1                   000902692011248461-1605                   0000000000000001605800000000002               011605      15091100000000775380000000012N050911120000000000002580000000000000000000000000000000000000000000000200360305181656104 Caixa Econômica Federal             Avenida Santo Amaro ,7237                           04701200                                                            000082
1                   000902692011248461-1606                   0000000000000001606600000000002               011606      15091100000000240000000000012N050911120000000000000800000000000000000000000000000000000000000000000200360305160810104 Caixa Econômica Federal             Rua Antônio Bernardo Coutinho,,149                  06013050                                                            000083
1                   000902692011248461-1607                   0000000000000001607400000000002               011607      15091100000000709200000000012N050911120000000000002360000000000000000000000000000000000000000000000200360305413964104 Caixa Econômica Federal             Avenida das Nações Unidas ,22540                    04795000                                                            000084
1                   000902692011248461-1503                   0000000000000001503500000000002               061503      20091100000000120800000000012N290811120000000000010000000000000000000000000000000000000000000000000292894922000108BANCO MATONE (Núcleo Consignado RJ - MatAvenida Rio Branco,80-8º  e 9º andar                20040070                                                            000085
9                                                                                                                                                                                                                                                                                                                                                                                                         000086