01REMESSA01COBRANCA       00000000000004130991SISTEMA DE CARTóRIO CERTIDõES 237BRADESCO       050811        MX0000417                                                                                                                                                                                                                                                                                     000001
1                   000902692011248461-1353                   0000000000000001353900000000002               011353      15081100000000963330000000012N040811120000000000003210000000000000000000000000000000000000000000000217184037010506389 Banco Mercantil do Brasil S.A.      Avenida Paulista ,923                               01311100                                                            000002
1                   000902692011248461-1354                   0000000000000001354700000000002               011354      15081100000000240000000000012N040811120000000000000800000000000000000000000000000000000000000000000200360305024127104 Caixa Econômica Federal             Rua Cajuru,1103/1107                                03057000                                                            000003
1                   000902692011248461-1355                   0000000000000001355500000000002               011355      15081100000000746700000000012N040811120000000000002490000000000000000000000000000000000000000000000253283180000122Tesheiner Cavassani e Giacomazi AdvogadoRua João Adolfo,118-Conj. 405                       01050020                                                            000004
1                   000902692011248461-1356                   0000000000000001356300000000002               011356      15081100000000140000000000012N040811120000000000000470000000000000000000000000000000000000000000000262232889000190Banco Daycoval S/A                      Avenida Paulista ,1793-02º Andar                    01311200                                                            000005
1                   000902692011248461-1342                   0000000000000001342300000000002               311342      19081100000000085600000000012N030811120000000000010000000000000000000000000000000000000000000000000208351432000159LIBRO COMPANHIA SECURITIZADORA DE CREDITAvenida Paulista,,1499-19º andar                    01311200                                                            000006
1                   000902692011248461-1342                   0000000000000001342300000000002               061342      20081100000000085600000000012N030811120000000000010000000000000000000000000000000000000000000000000208351432000159LIBRO COMPANHIA SECURITIZADORA DE CREDITAvenida Paulista,,1499-19º andar                    01311200                                                            000007
1                   000902692011248461-1342                   0000000000000001342300000000002               061342      19081100000000085600000000012N030811120000000000010000000000000000000000000000000000000000000000000208351432000159LIBRO COMPANHIA SECURITIZADORA DE CREDITAvenida Paulista,,1499-19º andar                    01311200                                                            000008
1                   000902692011248461-1170                   0000000000000001170600000000002               021170      29071100000001500000000000012N190711120000000000010000000000000000000000000000000000000000000000000209263012000183Fundo de Investimento em Direitos CreditAvenida Paulista,1499-19º. Andar                    01311200                                                            000009
9                                                                                                                                                                                                                                                                                                                                                                                                         000010