01REMESSA01COBRANCA       00000000000004130991SISTEMA DE CARTóRIO CERTIDõES 237BRADESCO       050411        MX0000342                                                                                                                                                                                                                                                                                     000001
1                   000902692011248461-345                    0000000000000000345200000000002               01345       02051100000015000000000000012N010411060500000000000000000000000000000000000000000000000000000000000100027460207187ROSANA AUXILIADORA FALCÃO GARCIA GUIMARÃRUA ARNALDO E. FIGUEIREDO, 594 APTO 02              78700150                                                            000002
1                   000902692011248461-346                    0000000000000000346000000000002               01346       11041100000001125860000000012N010411000000000000003750000000000000000000000000000000000000000000000203723171000137E Cunha Consultoria Empresarial Ltda.   Rua Nova York ,959-conj. 52                         04560002                                                            000003
1                   000902692011248461-350                    0000000000000000350900000000002               01350       11041100000000130000000000012N010411060500000000000000000000000000000000000000000000000000000000000262232889000190Banco Daycoval S/A                      AV Paulista, 1793 2º Andar                          01311200                                                            000004
1                   000902692011248461-348                    0000000000000000348700000000002               01348       11041100000000599000000000012N010411000000000000002000000000000000000000000000000000000000000000000262232889000190Banco Daycoval S/A                      Avenida Paulista ,1793-02º Andar                    01311200                                                            000005
1                   000902692011248461-349                    0000000000000000349500000000002               01349       11041100000000130000000000012N010411000000000000000430000000000000000000000000000000000000000000000262232889000190Banco Daycoval S/A                      Avenida Paulista ,1793-02º Andar                    01311200                                                            000006
1                   000902692011248461-351                    0000000000000000351700000000002               01351       11041100000000060000000000012N010411000000000000000200000000000000000000000000000000000000000000000208472787000104LC 15 COMERCIO E CONFECÇÕES LTDA - ME   Rua da Juta,369                                     03010010                                                            000007
1                   000902692011248461-352                    0000000000000000352500000000002               01352       11041100000000224000000000012N010411000000000000000750000000000000000000000000000000000000000000000260413945000167BASSO PINTURAS E DECORAÇÕES LTDA.       Rua Capitão Macedo,441                              04021020                                                            000008
1                   000902692011248461-353                    0000000000000000353300000000002               01353       11041100000000085600000000012N010411000000000000000290000000000000000000000000000000000000000000000200360305267887104 Caixa Econômica Federal             Rua São Joaquim,,69-- 5º andar                      01508000                                                            000009
1                   000902692011248461-354                    0000000000000000354100000000002               01354       14041100000000329300000000012N040411000000000000001100000000000000000000000000000000000000000000000200360305159723104 Caixa Econômica Federal             Rua Teodoro Sampaio,  ,429                          05405000                                                            000010
1                   000902692011248461-355                    0000000000000000355P00000000002               01355       14041100000000420000000000012N040411000000000000001400000000000000000000000000000000000000000000000200360305403900104 Caixa Econômica Federal             Estrada Kizaemon Takeuti - ,2687                    06775003                                                            000011
1                   000902692011248461-356                    0000000000000000356800000000002               01356       14041100000000176000000000012N040411000000000000000590000000000000000000000000000000000000000000000217184037031260389 Banco Mercantil do Brasil S.A.      Praça Doutor Luciano Esteves,149                    13480048                                                            000012
1                   000902692011248461-357                    0000000000000000357600000000002               01357       14041100000000143000000000012N040411000000000000000480000000000000000000000000000000000000000000000100002213512809SELMA CRISTINA MATHEUS FERNANDES        Rua Gaspar Becerra,174                              08371370                                                            000013
1                   000902692011248461-358                    0000000000000000358400000000002               01358       14041100000000120000000000012N040411000000000000000400000000000000000000000000000000000000000000000208472787000104LC 15 COMERCIO E CONFECÇÕES LTDA - ME   Rua da Juta,369                                     03010010                                                            000014
1                   000902692011248461-359                    0000000000000000359200000000002               01359       14041100000000085600000000012N040411000000000000000290000000000000000000000000000000000000000000000200360305267887104 Caixa Econômica Federal             Rua São Joaquim ,69-5º andar                        01508001                                                            000015
1                   000902692011248461-360                    0000000000000000360600000000002               01360       14041100000000258600000000012N040411000000000000000860000000000000000000000000000000000000000000000201318126000171DR RAMOS ADVOGADOS ASSOCIADOS.          Rua Voluntários da Pátria ,2540                     02402000                                                            000016
1                   000902692011248461-361                    0000000000000000361400000000002               01361       08041100000000059300000000012N040411000000000000000200000000000000000000000000000000000000000000000210918131000106PROCART - PROCESSOS CARTORAIS LTDA      Rua Primeiro de Janeiro,35-Sala 101                 35180032Protesto após 5 dias                                        000017
1                   000902692011248461-362                    0000000000000000362200000000002               01362       08041100000000012850000000012N040411000000000000000040000000000000000000000000000000000000000000000111838860000115M.L. CARDOSO - PRESTAÇÃO DE SERVIÇOS - ERua Luiz Pereira Barreto,304                        16010320Protesto após 5 dias                                        000018
1                   000902692011248461-363                    0000000000000000363000000000002               01363       08041100000000044750000000012N040411000000000000000150000000000000000000000000000000000000000000000111871164000100PANDIN BUENO ASSESSORIA CARTORÁRIA LTDA Rua 20,1014                                         14780070Protesto após 5 dias                                        000019
1                   000902692011248461-364                    0000000000000000364900000000002               01364       08041100000000128360000000012N040411000000000000000430000000000000000000000000000000000000000000000111864024000105AGICART - SERVIÇOS DOCUMENTALISTAS INTERRua Afonso Pena,5-47                                17060250Protesto após 5 dias                                        000020
1                   000902692011248461-365                    0000000000000000365700000000002               01365       08041100000000075500000000012N040411000000000000000250000000000000000000000000000000000000000000000111564744000155SARAIVA´S CONSULTORIA EMPRESARIAL LTDA  Rua Prefeito José Santana Trigueiro,183             32604188Protesto após 5 dias                                        000021
1                   000902692011248461-366                    0000000000000000366500000000002               01366       08041100000002000000000000012N040411000000000000006670000000000000000000000000000000000000000000000112196193000187BR ASSESSORIA CARTORARIA LTDA           CLSW,101-Bloco C, Loja 73                           70670503Protesto após 5 dias                                        000022
1                   000902692011248461-367                    0000000000000000367300000000002               01367       08041100000001500000000000012N040411000000000000005000000000000000000000000000000000000000000000000111218990000155MARQUES & MARTINS SERVIÇOS LTDA - ME    Av. Gal. Flores da Cunha,393-Loja 01                94910000Protesto após 5 dias                                        000023
1                   000902692011248461-368                    0000000000000000368100000000002               01368       08041100000000795430000000012N040411000000000000002650000000000000000000000000000000000000000000000111067223000192REIS & CONDE LTDA                       R. Dr. Antônio Alvares Lobo,226                     13020110Protesto após 5 dias                                        000024
1                   000902692011248461-369                    0000000000000000369P00000000002               01369       08041100000000034300000000012N040411000000000000000110000000000000000000000000000000000000000000000111198466000160GOMES & KUNCEVICIUS LTDA ME             Rua Prisciliana de Castilho,374-Sala 06             11660330Protesto após 5 dias                                        000025
1                   000902692011248461-370                    0000000000000000370300000000002               01370       08041100000000050870000000012N040411000000000000000170000000000000000000000000000000000000000000000111569240000128FLECK ASSESSORIA ADMINISTRATIVA LTDA    Avenida Tancredo Neves,385                          85805000Protesto após 5 dias                                        000026
1                   000902692011248461-371                    0000000000000000371100000000002               01371       08041100000000002210000000012N040411000000000000000010000000000000000000000000000000000000000000000111338377000171VIVIANE COSSARI - ME                    Rua Alagoas,137                                     15800090Protesto após 5 dias                                        000027
1                   000902692011248461-372                    0000000000000000372P00000000002               01372       08041100000000255940000000012N040411000000000000000850000000000000000000000000000000000000000000000111245100000102MC PRESTADORA DE SERVIÇOS ADMINISTRATIVORua Marechal José B. Bormann,164 E-Sala             89802120Protesto após 5 dias                                        000028
1                   000902692011248461-373                    0000000000000000373800000000002               01373       08041100000000012430000000012N040411000000000000000040000000000000000000000000000000000000000000000112655472000161CURITIBA ASSESSORIA CARTORARIA LTDA     Rua Tibagi,506                                      80060110Protesto após 5 dias                                        000029
1                   000902692011248461-374                    0000000000000000374600000000002               01374       08041100000000145720000000012N040411000000000000000490000000000000000000000000000000000000000000000112632803000148RUBIANA SERVIÇOS DE CARTORIO, CERTIDÕES Rua das Esmeraldas,186                              09920520Protesto após 5 dias                                        000030
1                   000902692011248461-375                    0000000000000000375400000000002               01375       08041100000000005000000000012N040411000000000000000020000000000000000000000000000000000000000000000112349493000159CAVALHEIRO ZANCHETA ASSESSORIA CARTORÁRIRua Onofre Pereira de Matos,1722-Centro             79802010Protesto após 5 dias                                        000031
1                   000902692011248461-376                    0000000000000000376200000000002               01376       08041100000000094450000000012N040411000000000000000310000000000000000000000000000000000000000000000108289469000102RGC SERVIÇOS E CONSULTORIA LTDA         Av. Barão de Cotegipe,1088-Sala 100                 44001170Protesto após 5 dias                                        000032
1                   000902692011248461-377                    0000000000000000377000000000002               01377       08041100000000000740000000012N040411000000000000000000000000000000000000000000000000000000000000000111425891000144MHG SERVIÇOS ADMINISTRATIVOS EMPRESAS LTR. T 55,156-Quadra H 23 - Lote 01                   74150320Protesto após 5 dias                                        000033
1                   000902692011248461-378                    0000000000000000378900000000002               01378       08041100000000831150000000012N040411000000000000002770000000000000000000000000000000000000000000000110946715000195BASA SERVICOS EM CARTORIOS LTDA - ME    R. Luiz Faccine,404                                 07110000Protesto após 5 dias                                        000034
1                   000902692011248461-379                    0000000000000000379700000000002               01379       08041100000000021060000000012N040411000000000000000070000000000000000000000000000000000000000000000111296594000146CML - CENTRAL DE MULTISERVIÇOS LTDA     Av. Conde Ribeiro do Valle,302 A                    37800000Protesto após 5 dias                                        000035
1                   000902692011248461-380                    0000000000000000380000000000002               01380       08041100000000116900000000012N040411000000000000000390000000000000000000000000000000000000000000000112162069000109GODOI & GODOY ASSESSORIA CARTORARIA LTDAAv. Francisco de Paula Leite,1699                   13344325Protesto após 5 dias                                        000036
1                   000902692011248461-381                    0000000000000000381900000000002               01381       08041100000000700000000000012N040411000000000000002330000000000000000000000000000000000000000000000112354736000147SANTOS HAVELANGE ASSESSORIA CARTORÁRIA LRua Adolfo Maron,28-ANDAR 1                         45600002Protesto após 5 dias                                        000037
1                   000902692011248461-382                    0000000000000000382700000000002               01382       08041100000000018750000000012N040411000000000000000060000000000000000000000000000000000000000000000102248702000114Cartório Postal - Itaguaí - RJ          Rua Dr. Curvelo Cavalcante,189-Loja 315             23810300Protesto após 5 dias                                        000038
1                   000902692011248461-383                    0000000000000000383500000000002               01383       08041100000000121430000000012N040411000000000000000400000000000000000000000000000000000000000000000112443155000181ASSESSORIA E CONSULTORIA CARTORARIA DE DRua Santa Cruz,652                                  13300090Protesto após 5 dias                                        000039
1                   000902692011248461-384                    0000000000000000384300000000002               01384       08041100000000119180000000012N040411000000000000000400000000000000000000000000000000000000000000000112572498000146Alphacentral Documentos e Serviços LTDA Rua Zacarias de Goes,285                            13201800Protesto após 5 dias                                        000040
1                   000902692011248461-385                    0000000000000000385100000000002               01385       08041100000001000000000000012N040411000000000000003330000000000000000000000000000000000000000000000111425648000126D. QUADRO SISTEMAS DECUMENTAIS LTDA     Av. Senador Alberto Pasqualini,151-Sala             95900000Protesto após 5 dias                                        000041
1                   000902692011248461-386                    0000000000000000386P00000000002               01386       08041100000000025440000000012N0404110000000000000000800000000000000000000000000000000000000000000001112843480001743G7 ASSESSORIA E ORGANIZAÇÃO DE DOCUMENTRua Goiás,1332                                      86020410Protesto após 5 dias                                        000042
1                   000902692011248461-387                    0000000000000000387800000000002               01387       08041100000000111660000000012N040411000000000000000370000000000000000000000000000000000000000000000111222886000134ELIDA ASSESSORIA EMPRESARIAL LTDA       R. Neo Alves Martins,2955-Sala 03                   87013060Protesto após 5 dias                                        000043
1                   000902692011248461-388                    0000000000000000388600000000002               01388       08041100000001500000000000012N040411000000000000005000000000000000000000000000000000000000000000000111253122000106AA ASSESSORIA & SERVIÇOS EMPRESARIAIS LTRua São João,454                                    15400000Protesto após 5 dias                                        000044
1                   000902692011248461-389                    0000000000000000389400000000002               01389       08041100000000096650000000012N040411000000000000000320000000000000000000000000000000000000000000000113133167000172Cartório Postal - Osasco - SP           Rua dos Marianos,132                                06016050Protesto após 5 dias                                        000045
1                   000902692011248461-390                    0000000000000000390800000000002               01390       08041100000000281480000000012N040411000000000000000940000000000000000000000000000000000000000000000111253279000131ANDRIETTA & PIVA LTDA                   R. Gov. Pedro de Toledo,569                         13400070Protesto após 5 dias                                        000046
1                   000902692011248461-391                    0000000000000000391600000000002               01391       08041100000000255100000000012N040411000000000000000850000000000000000000000000000000000000000000000106058057000128CTPOST SERVIÇOS LTDA ME                 Rua Dr. Flores,263/503                              90020122Protesto após 5 dias                                        000047
1                   000902692011248461-392                    0000000000000000392400000000002               01392       08041100000000047750000000012N040411000000000000000160000000000000000000000000000000000000000000000112462165000164Viviane Aparecida Henriques - EPP       Rua Rui Barbosa,164                                 19010260Protesto após 5 dias                                        000048
1                   000902692011248461-393                    0000000000000000393200000000002               01393       08041100000000002220000000012N040411000000000000000010000000000000000000000000000000000000000000000100000000000000Cartório Postal - Recife - PE           Rua Maria Carolina,205-Galeria Guararape            51020220Protesto após 5 dias                                        000049
1                   000902692011248461-394                    0000000000000000394000000000002               01394       08041100000000271700000000012N040411000000000000000910000000000000000000000000000000000000000000000111144435000126PATRÍCIO DOCUMENTOS CARTORARIOS LTDA ME R. da Assembléia,10-Lj. Subsl. 112                  20011000Protesto após 5 dias                                        000050
1                   000902692011248461-395                    0000000000000000395900000000002               01395       08041100000000065310000000012N040411000000000000000220000000000000000000000000000000000000000000000111777632000182CFN ASSESSORIA EM DOCUMENTOS LTDA       R Prefeito Carlos José Carlson,226-CJ 01            09450000Protesto após 5 dias                                        000051
1                   000902692011248461-396                    0000000000000000396700000000002               01396       08041100000001500000000000012N040411000000000000005000000000000000000000000000000000000000000000000111419746000150AMA - ESTRUTURA CARTORAL LTDA - EPP     R. das Alfazemas,752-Loja 01 e 28 Shoppi            41820710Protesto após 5 dias                                        000052
1                   000902692011248461-397                    0000000000000000397500000000002               01397       08041100000000004000000000012N040411000000000000000010000000000000000000000000000000000000000000000113098867000173Cartório Postal - Santa Bárbara d´Oeste Rua Floriano Peixoto,692                            13450023Protesto após 5 dias                                        000053
1                   000902692011248461-398                    0000000000000000398300000000002               01398       08041100000000215040000000012N040411000000000000000720000000000000000000000000000000000000000000000108854020000131M.V. FRANZOSO – SOLUCOES EMPRESARIAIS – Rua Rio Branco,483                                  09710090Protesto após 5 dias                                        000054
1                   000902692011248461-399                    0000000000000000399100000000002               01399       08041100000000217060000000012N040411000000000000000720000000000000000000000000000000000000000000000111495482000114CATARINENSE ASSESSORIA CARTORÁRIA LTDA  Rua Antônio Scherer,465-Loja 3                      88102090Protesto após 5 dias                                        000055
1                   000902692011248461-400                    0000000000000000400900000000002               01400       08041100000002518940000000012N040411000000000000008400000000000000000000000000000000000000000000000110906064000100MAIA SERVIÇOS ADMINISTRATIVOS LTDA      Rua Bernardino de Campos,3180-Loja 04 Ga            15015300Protesto após 5 dias                                        000056
1                   000902692011248461-401                    0000000000000000401700000000002               01401       08041100000000934550000000012N040411000000000000003120000000000000000000000000000000000000000000000111165549000152D´ VASQUEZ SERVIÇOS CARTORARIOS LTDA - EAv. Dr. João Guilhermino,293                        12210131Protesto após 5 dias                                        000057
1                   000902692011248461-402                    0000000000000000402500000000002               01402       08041100000000880870000000012N040411000000000000002940000000000000000000000000000000000000000000000111163439000151RF-SERVICOS DE DOCUMENTACAO LTDA.       Av. Mal. Castelo Branco,173-A                       65076090Protesto após 5 dias                                        000058
1                   000902692011248461-403                    0000000000000000403300000000002               01403       08041100000000046330000000012N040411000000000000000150000000000000000000000000000000000000000000000112027250000102MT ASSESSORIA CARTORARIA LTDA - EPP     Avenida Nossa Senhora Aparecida,918                 14177055Protesto após 5 dias                                        000059
1                   000902692011248461-404                    0000000000000000404100000000002               01404       08041100000001200000000000012N040411000000000000004000000000000000000000000000000000000000000000000111949163000131GISELLE PASSOS MORAIS ME                Loteamento Encanto das Árvores  ,QD C20,            43700000Protesto após 5 dias                                        000060
1                   000902692011248461-405                    0000000000000000405P00000000002               01405       08041100000006121770000000012N040411000000000000020410000000000000000000000000000000000000000000000110999668000148ASSESSORIA E CONSULTORIA DE DOCUMENTOS ER. Leopoldo Machado,242-Loja 02                     18035075Protesto após 5 dias                                        000061
1                   000902692011248461-406                    0000000000000000406800000000002               01406       08041100000000020470000000012N040411000000000000000070000000000000000000000000000000000000000000000151915072000108Associação Comercial, Industrial e AgropRua Antônio Jorge Chebab,1212                       13170005Protesto após 5 dias                                        000062
1                   000902692011248461-407                    0000000000000000407600000000002               01407       08041100000000517200000000012N040411000000000000001720000000000000000000000000000000000000000000000111029315000188SUZAN CART CERTIDOES LTDA - ME          Rua Gal. Francisco Glicério,1185                    08674003Protesto após 5 dias                                        000063
1                   000902692011248461-408                    0000000000000000408400000000002               01408       08041100000000259260000000012N040411000000000000000860000000000000000000000000000000000000000000000111165549000233D´ VASQUEZ SERVIÇOS CARTORARIOS LTDA EPPRua Coronel Augusto Monteiro,650                    12020160Protesto após 5 dias                                        000064
1                   000902692011248461-409                    0000000000000000409200000000002               01409       08041100000000055780000000012N040411000000000000000190000000000000000000000000000000000000000000000111349928000100MARTINS E AFONSO ASSESSORIA EMPRESARIAL Travessa Ranulfo Feo,71                             25953000Protesto após 5 dias                                        000065
1                   000902692011248461-410                    0000000000000000410600000000002               01410       08041100000000042500000000012N040411000000000000000140000000000000000000000000000000000000000000000110918131000106PROCART - PROCESSOS CARTORAIS LTDA      Rua Primeiro de Janeiro,35-Sala 101                 35180032Protesto após 5 dias                                        000066
1                   000902692011248461-411                    0000000000000000411400000000002               01411       08041100000000882740000000012N040411000000000000002940000000000000000000000000000000000000000000000111834699000101REGIS ORLANDINI ASSESSORIA CARTORARIA LTAv. João Naves de Ávila,81                          38400600Protesto após 5 dias                                        000067
1                   000902692011248461-412                    0000000000000000412200000000002               01412       08041100000000003000000000012N040411000000000000000010000000000000000000000000000000000000000000000113358931000108Cartório Postal - Valinhos - SP         Rua Francisco Glicério,185-Sala 04                  13270200Protesto após 5 dias                                        000068
1                   000902692011248461-413                    0000000000000000413000000000002               01413       08041100000002500000000000012N040411000000000000008330000000000000000000000000000000000000000000000111479061000108ANDRADE SOARES LOPES LTDA               Rua Lehar David,05                                  45000445Protesto após 5 dias                                        000069
1                   000902692011248461-414                    0000000000000000414900000000002               01414       15041100000000056500000000012N050411000000000000000190000000000000000000000000000000000000000000000100079383513853LUIZ VALENCIA DA SILVA                  Rua Lisboa,265                                      07854050                                                            000070
1                   000902692011248461-415                    0000000000000000415700000000002               01415       08041100000040000000000000012N050411060500000000000000000000000000000000000000000000000000000000000100003103794827Rita Maria Gaona                        Av. Professor João Fiusa, 2161 - apto 44            14024250                                                            000071
1                   000902692011248461-416                    0000000000000000416500000000002               01416       05061100000006666670000000012N050411060500000000000000000000000000000000000000000000000000000000000100003103794827Rita Maria Gaona                        Av. Professor João Fiusa, 2161 - apto 44            14024250                                                            000072
1                   000902692011248461-417                    0000000000000000417300000000002               01417       05071100000006666670000000012N050411060500000000000000000000000000000000000000000000000000000000000100003103794827Rita Maria Gaona                        Av. Professor João Fiusa, 2161 - apto 44            14024250                                                            000073
1                   000902692011248461-418                    0000000000000000418100000000002               01418       05081100000006666670000000012N050411060500000000000000000000000000000000000000000000000000000000000100003103794827Rita Maria Gaona                        Av. Professor João Fiusa, 2161 - apto 44            14024250                                                            000074
1                   000902692011248461-419                    0000000000000000419P00000000002               01419       05091100000006666670000000012N050411060500000000000000000000000000000000000000000000000000000000000100003103794827Rita Maria Gaona                        Av. Professor João Fiusa, 2161 - apto 44            14024250                                                            000075
1                   000902692011248461-420                    0000000000000000420300000000002               01420       05101100000006666660000000012N050411060500000000000000000000000000000000000000000000000000000000000100003103794827Rita Maria Gaona                        Av. Professor João Fiusa, 2161 - apto 44            14024250                                                            000076
1                   000902692011248461-421                    0000000000000000421100000000002               01421       15041100000000094000000000012N050411060500000000000000000000000000000000000000000000000000000000000100012755177810Antonio Pereira                         Rua Armando Petrella ,07                            05679010                                                            000077
1                   000902692011248461-422                    0000000000000000422P00000000002               01422       05111100000006666660000000012N050411060500000000000000000000000000000000000000000000000000000000000100003103794827Rita Maria Gaona                        Av. Professor João Fiusa, 2161 - apto 44            14024250                                                            000078
1                   000902692011248461-423                    0000000000000000423800000000002               01423       15041100000000087000000000012N050411000000000000000290000000000000000000000000000000000000000000000100043954896800SCHEILA APARECIDA CARVALHO NICOLAU      Rua Alem Tejo,169                                   07500000                                                            000079
1                   000902692011248461-274                    0000000000000000274P00000000002               02274       01041100000000078200000000012N220311000000000000010000000000000000000000000000000000000000000000000203723171000137E Cunha Consultoria Empresarial Ltda.   Rua Nova York ,959-conj. 52                         04560002                                                            000080
1                   000902692011248461-294                    0000000000000000294400000000002               02294       02041100000000085600000000012N230311000000000000010000000000000000000000000000000000000000000000000203723171000137E Cunha Consultoria Empresarial Ltda.   Rua Nova York ,959-conj. 52                         04560002                                                            000081
1                   000902692011248461-141                    0000000000000000141700000000002               02141       08031100000000059300000000012N010311000000000000010000000000000000000000000000000000000000000000000110918131000106PROCART - PROCESSOS CARTORAIS LTDA      Rua Primeiro de Janeiro,35-Sala 101                 35180032Protesto após 5 dias                                        000082
1                   000902692011248461-321                    0000000000000000321500000000002               31321       08041100000000145000000000012N290311000000000000010000000000000000000000000000000000000000000000000208576917000140Recovery do Brasil Gestão de Ativos LTDAAvenida Paulista,1499 – 19º. Andar ,1499            01311200                                                            000083
9                                                                                                                                                                                                                                                                                                                                                                                                         000084