01REMESSA01COBRANCA       00000000000004130991SISTEMA DE CARTóRIO CERTIDõES 237BRADESCO       050511        MX0000357                                                                                                                                                                                                                                                                                     000001
1                   000902692011248461-649                    0000000000000000649400000000002               01649       14051100000000061000000000012N040511000000000000000200000000000000000000000000000000000000000000000100002241922803JOSEPHA MARTINS DOS SANTOS              Praça José Gebara,46                                03518100                                                            000002
1                   000902692011248461-650                    0000000000000000650800000000002               01650       14051100000001326800000000012N040511000000000000004420000000000000000000000000000000000000000000000233479023000180CITIBANK RISK MANAGEMENT                Avenida Paulista, nº 1.111, 2º andar,1.1            01311920                                                            000003
1                   000902692011248461-651                    0000000000000000651600000000002               01651       14051100000001315960000000012N040511000000000000004390000000000000000000000000000000000000000000000201701201000189HSBC Bank Brasil S.A. - Banco Multiplo -Rua Doutor Seidel,425-5º andar                      05315000                                                            000004
1                   000902692011248461-652                    0000000000000000652400000000002               01652       30051100000002107430000000012N050511000000000000007020000000000000000000000000000000000000000000000292894922000108BANCO MATONE (Núcleo Consignado RJ - MatAvenida Rio Branco,80-8º  e 9º andar                20040070                                                            000005
9                                                                                                                                                                                                                                                                                                                                                                                                         000006