01REMESSA01COBRANCA       00000000000004130991SISTEMA DE CARTóRIO CERTIDõES 237BRADESCO       051211        MX0000477                                                                                                                                                                                                                                                                                     000001
1                   000902692011248461-2317                   0000000000000002317800000000002               012317      12121100000000170000000000012N021211120000000000000570000000000000000000000000000000000000000000000209624793000194BIANCHINI SOCIEDADE DE ADVOGADOS        Avenida Pedroso de Morais,2315                      05419001                                                            000002
1                   000902692011248461-2318                   0000000000000002318600000000002               012318      12121100000000170000000000012N021211120000000000000570000000000000000000000000000000000000000000000209624793000194BIANCHINI SOCIEDADE DE ADVOGADOS        Avenida Pedroso de Morais,2315                      05419001                                                            000003
1                   000902692011248461-2319                   0000000000000002319400000000002               012319      12121100000000152000000000012N021211120000000000000510000000000000000000000000000000000000000000000209624793000194BIANCHINI SOCIEDADE DE ADVOGADOS        Avenida Pedroso de Morais,2315                      05419001                                                            000004
1                   000902692011248461-2320                   0000000000000002320800000000002               012320      19121100000000115000000000012N021211120000000000000380000000000000000000000000000000000000000000000209263012000183Fundo de Investimento em Direitos CreditAvenida Paulista ,1499-19º. Andar                   01311200                                                            000005
1                   000902692011248461-2321                   0000000000000002321600000000002               012321      12121100000000076000000000012N021211120000000000000250000000000000000000000000000000000000000000000200360305267887104 Caixa Econômica Federal             Rua São Joaquim, ,69-5º andar                       01508000                                                            000006
1                   000902692011248461-2322                   0000000000000002322400000000002               012322      12121100000000152000000000012N021211120000000000000510000000000000000000000000000000000000000000000200360305267887104 Caixa Econômica Federal             Rua São Joaquim,,69-5º andar                        01508000                                                            000007
1                   000902692011248461-2323                   0000000000000002323200000000002               012323      12121100000000046000000000012N021211120000000000000150000000000000000000000000000000000000000000000201701201000189HSBC Bank Brasil S.A. - Banco Multiplo -Rua Doutor Seidel,,425                              05315000                                                            000008
1                   000902692011248461-1726                   0000000000000001726700000000002               021726      10101100000000296000000000012N220911120000000000010000000000000000000000000000000000000000000000000209263012000183Fundo de Investimento em Direitos CreditAvenida Paulista ,1499-19º. Andar                   01311200                                                            000009
1                   000902692011248461-1489                   0000000000000001489600000000002               021489      20091100000000100000000000012N260811120000000000010000000000000000000000000000000000000000000000000209263012000183Fundo de Investimento em Direitos CreditAvenida Paulista,1499-19º. Andar                    01311200                                                            000010
1                   000902692011248461-2008                   0000000000000002008P00000000002               022008      11111100000000246000000000012N261011120000000000010000000000000000000000000000000000000000000000000209263012000183Fundo de Investimento em Direitos CreditAvenida Paulista ,1499-19º. Andar                   01311200                                                            000011
9                                                                                                                                                                                                                                                                                                                                                                                                         000012