01REMESSA01COBRANCA       00000000000004130991SISTEMA DE CARTóRIO CERTIDõES 237BRADESCO       061011        MX0000451                                                                                                                                                                                                                                                                                     000001
1                   000902692011248461-1873                   0000000000000001873500000000002               011873      17101100000000110000000000012N051011120000000000000370000000000000000000000000000000000000000000000208679884000164FARES HALABIYAH JUNIOR - ME             Rua Itinguçu ,2413                                  03658001                                                            000002
1                   000902692011248461-1874                   0000000000000001874300000000002               011874      17101100000000030000000000012N051011120000000000000100000000000000000000000000000000000000000000000208679884000164FARES HALABIYAH JUNIOR - ME             Rua Itinguçu ,2413                                  03658001                                                            000003
1                   000902692011248461-1875                   0000000000000001875100000000002               011875      17101100000000140000000000012N051011120000000000000470000000000000000000000000000000000000000000000217184037019724389 Banco Mercantil do Brasil S.A.      Rua Capitão Gabriel,235                             07011010                                                            000004
1                   000902692011248461-1876                   0000000000000001876P00000000002               011876      24101100000000280000000000012N051011120000000000000930000000000000000000000000000000000000000000000209263012000183Fundo de Investimento em Direitos CreditAvenida Paulista ,1499-19º. Andar                   01311200                                                            000005
1                   000902692011248461-1877                   0000000000000001877800000000002               011877      17101100000000323010000000012N051011120000000000001080000000000000000000000000000000000000000000000253283180000122Tesheiner Cavassani e Giacomazi AdvogadoRua João Adolfo,118-Conj. 405                       01050020                                                            000006
1                   000902692011248461-1878                   0000000000000001878600000000002               011878      17101100000000100000000000012N051011120000000000000330000000000000000000000000000000000000000000000253283180000122Tesheiner Cavassani e Giacomazi AdvogadoRua João Adolfo,118-Conj. 405                       01050020                                                            000007
1                   000902692011248461-1879                   0000000000000001879400000000002               011879      17101100000000322150000000012N051011120000000000001070000000000000000000000000000000000000000000000253283180000122Tesheiner Cavassani e Giacomazi AdvogadoRua João Adolfo,118-Conj. 405                       01050020                                                            000008
1                   000902692011248461-1880                   0000000000000001880800000000002               011880      17101100000000070000000000012N051011120000000000000230000000000000000000000000000000000000000000000253283180000122Tesheiner Cavassani e Giacomazi AdvogadoRua João Adolfo,118-Conj. 405                       01050020                                                            000009
1                   000902692011248461-1881                   0000000000000001881600000000002               011881      17101100000000120000000000012N051011120000000000000400000000000000000000000000000000000000000000000253283180000122Tesheiner Cavassani e Giacomazi AdvogadoRua João Adolfo,118-Conj. 405                       01050020                                                            000010
1                   000902692011248461-1882                   0000000000000001882400000000002               011882      24101100000000554000000000012N051011120000000000001850000000000000000000000000000000000000000000000233479023000180BANCO CITIBANK S.A                      Avenida Paulista, nº 1.111, 2º andar,1.1            01311920                                                            000011
1                   000902692011248461-1883                   0000000000000001883200000000002               011883      19101100000000154000000000012N051011120000000000000510000000000000000000000000000000000000000000000270940994000101PANDURATA ALIMENTOS LTDA.               Rua Fritz Reimann,628-3º andar                      07044020                                                            000012
1                   000902692011248461-1884                   0000000000000001884000000000002               011884      19101100000000154000000000012N051011120000000000000510000000000000000000000000000000000000000000000270940994000101PANDURATA ALIMENTOS LTDA.               Rua Fritz Reimann,628-3º andar                      07044020                                                            000013
1                   000902692011248461-1885                   0000000000000001885900000000002               011885      07101100000025000000000000012N051011000000000000000000000000000000000000000000000000000000000000000100074336533768HUMBERTO LIMA PAIM                      RUA ILHA REDONDA,34 CASA A                          23937050                                                            000014
1                   000902692011248461-1886                   0000000000000001886700000000002               011886      21111100000025000000000000012N051011000000000000000000000000000000000000000000000000000000000000000100074336533768HUMBERTO LIMA PAIM                      RUA ILHA REDONDA,34 CASA A                          23937050                                                            000015
1                   000902692011248461-1887                   0000000000000001887500000000002               011887      05021200000010000000000000012N051011000000000000000000000000000000000000000000000000000000000000000100074336533768HUMBERTO LIMA PAIM                      RUA ILHA REDONDA,34 CASA A                          23937050                                                            000016
1                   000902692011248461-1888                   0000000000000001888300000000002               011888      17101100000000132000000000012N051011120000000000000440000000000000000000000000000000000000000000000100057771081991DONIZETE APARECIDA RAMALHO              Rua Paranaguá,115                                   07161350                                                            000017
1                   000902692011248461-1889                   0000000000000001889100000000002               011889      31101100000000132660000000012N051011120000000000000440000000000000000000000000000000000000000000000292894922000108BANCO MATONE (Núcleo Consignado RJ - MatAvenida Rio Branco,115-18º andar                    20040004                                                            000018
1                   000902692011248461-1890                   0000000000000001890500000000002               011890      17101100000000100000000000012N061011120000000000000330000000000000000000000000000000000000000000000253283180000122Tesheiner Cavassani e Giacomazi AdvogadoRua João Adolfo,118-Conj. 405                       01050020                                                            000019
1                   000902692011248461-1891                   0000000000000001891300000000002               011891      17101100000000150000000000012N061011120000000000000500000000000000000000000000000000000000000000000253283180000122Tesheiner Cavassani e Giacomazi AdvogadoRua João Adolfo,118-Conj. 405                       01050020                                                            000020
9                                                                                                                                                                                                                                                                                                                                                                                                         000021