01REMESSA01COBRANCA       00000000000004130991SISTEMA DE CARTóRIO CERTIDõES 237BRADESCO       060911        MX0000435                                                                                                                                                                                                                                                                                     000001
1                   000902692011248461-1608                   0000000000000001608200000000002               011608      09091100000018000000000000012N050911000000000000000000000000000000000000000000000000000000000000000100000000577707ALEXANDRE DE MENDONÇA CAVALCANTI        RUA VISCONDE DE MAUA, 348                           95680000                                                            000002
1                   000902692011248461-1609                   0000000000000001609000000000002               011609      15101100000018000000000000012N050911000000000000000000000000000000000000000000000000000000000000000100000000577707ALEXANDRE DE MENDONÇA CAVALCANTI        RUA VISCONDE DE MAUA, 348                           95680000                                                            000003
1                   000902692011248461-1610                   0000000000000001610400000000002               011610      26091100000000230000000000012N050911120000000000000770000000000000000000000000000000000000000000000209263012000183Fundo de Investimento em Direitos CreditAvenida Paulista ,1499-19º. Andar                   01311200                                                            000004
1                   000902692011248461-1611                   0000000000000001611200000000002               011611      15091100000000240000000000012N050911120000000000000800000000000000000000000000000000000000000000000200360305167904104 Caixa Econômica Federal             Avenida Paulista,,302                               01310000                                                            000005
1                   000902692011248461-1612                   0000000000000001612000000000002               011612      26091100000000080000000000012N050911120000000000000270000000000000000000000000000000000000000000000233479023000180BANCO CITIBANK S.A                      Avenida Paulista, ,1.111-2º andar                   01311920                                                            000006
1                   000902692011248461-1613                   0000000000000001613900000000002               011613      26091100000001122910000000012N050911120000000000003740000000000000000000000000000000000000000000000233479023000180BANCO CITIBANK S.A                      Avenida Paulista, nº 1.111, 2º andar,1.1            01311920                                                            000007
1                   000902692011248461-1614                   0000000000000001614700000000002               011614      15091100000000029000000000012N050911120000000000000100000000000000000000000000000000000000000000000210377191000169ACM  Legalizações Empresariais Ltda. - MAvenida Capitão Mário Toledo de Camargo,            09170150                                                            000008
1                   000902692011248461-1615                   0000000000000001615500000000002               011615      15091100000000029000000000012N050911120000000000000100000000000000000000000000000000000000000000000210377191000169ACM  Legalizações Empresariais Ltda. - MAvenida Capitão Mário Toledo de Camargo,            09170150                                                            000009
1                   000902692011248461-1616                   0000000000000001616300000000002               011616      15091100000000029000000000012N050911120000000000000100000000000000000000000000000000000000000000000210377191000169ACM  Legalizações Empresariais Ltda. - MAvenida Capitão Mário Toledo de Camargo,            09170150                                                            000010
1                   000902692011248461-1617                   0000000000000001617100000000002               011617      15091100000000132000000000012N050911120000000000000440000000000000000000000000000000000000000000000100007926629898MARTA FERMINO DE CARVALHO               Rua Emília de Jesus,43                              06663289                                                            000011
1                   000902692011248461-1618                   0000000000000001618P00000000002               011618      15091100000000155000000000012N050911120000000000000520000000000000000000000000000000000000000000000100011598366807MARIA VANDETE BARBOZA                   Rua Doutor Lauro Ribas Braga (Parque Eur            04911120                                                            000012
1                   000902692011248461-1619                   0000000000000001619800000000002               011619      15091100000000142000000000012N050911120000000000000470000000000000000000000000000000000000000000000100017092942802MARIA DA APARECIDA NASCIMENTO           Rua Ipiroldes Martins Borges,153-V.1 - C            02837150                                                            000013
1                   000902692011248461-1620                   0000000000000001620100000000002               011620      26091100000000200000000000012N050911120000000000000670000000000000000000000000000000000000000000000233479023000180BANCO CITIBANK S.A                      Avenida Paulista, ,1.111-2º andar                   01311920                                                            000014
1                   000902692011248461-1621                   0000000000000001621P00000000002               011621      16091100000000076000000000012N060911120000000000000250000000000000000000000000000000000000000000000200360305267887104 Caixa Econômica Federal             Rua São Joaquim,,69-5º andar                        01508000                                                            000015
1                   000902692011248461-1622                   0000000000000001622800000000002               011622      16091100000000170000000000012N060911120000000000000570000000000000000000000000000000000000000000000209624793000194BIANCHINI SOCIEDADE DE ADVOGADOS        Avenida Pedroso de Morais,2315                      05419001                                                            000016
1                   000902692011248461-1623                   0000000000000001623600000000002               011623      26091100000000200000000000012N060911120000000000000670000000000000000000000000000000000000000000000209263012000183Fundo de Investimento em Direitos CreditAvenida Paulista,1499-19º. Andar                    01311200                                                            000017
1                   000902692011248461-1624                   0000000000000001624400000000002               011624      26091100000000144000000000012N060911120000000000000480000000000000000000000000000000000000000000000209263012000183Fundo de Investimento em Direitos CreditAvenida Paulista,1499-19º. Andar                    01311200                                                            000018
1                   000902692011248461-1625                   0000000000000001625200000000002               011625      16091100000000170000000000012N060911120000000000000570000000000000000000000000000000000000000000000209624793000194BIANCHINI SOCIEDADE DE ADVOGADOS        Avenida Pedroso de Morais,2315                      05419001                                                            000019
1                   000902692011248461-1626                   0000000000000001626000000000002               011626      16091100000000154000000000012N060911120000000000000510000000000000000000000000000000000000000000000270940994000101PANDURATA ALIMENTOS LTDA.               Rua Fritz Reimann,628-3º andar                      07044020                                                            000020
1                   000902692011248461-1627                   0000000000000001627900000000002               011627      16091100000000178000000000012N060911120000000000000590000000000000000000000000000000000000000000000100004726016105ODERLEI BAGATOLI                        Rua Sebastião Pereira,157                           01225020                                                            000021
1                   000902692011248461-1628                   0000000000000001628700000000002               011628      15091100000012000000000000012N060911000000000000000000000000000000000000000000000000000000000000000100004565965690ERIKA DE LUCA GUIMARÃES LEÃO            ALAMEDA DAS HORTENCIAS, 30                          36400000                                                            000022
1                   000902692011248461-1629                   0000000000000001629500000000002               011629      31101100000012000000000000012N060911000000000000000000000000000000000000000000000000000000000000000100004565965690ERIKA DE LUCA GUIMARÃES LEÃO            ALAMEDA DAS HORTENCIAS, 30                          36400000                                                            000023
1                   000902692011248461-1630                   0000000000000001630900000000002               011630      12091100000007500000000000012N060911000000000000000000000000000000000000000000000000000000000000000100067649467600ENEAS VIRGILIO SALDANHA BAYÃO           RUA DR. VIRGILIO UCHOA, 111                         30320240                                                            000024
1                   000902692011248461-1631                   0000000000000001631700000000002               011631      12101100000007500000000000012N060911000000000000000000000000000000000000000000000000000000000000000100067649467600ENEAS VIRGILIO SALDANHA BAYÃO           RUA DR. VIRGILIO UCHOA, 111                         30320240                                                            000025
1                   000902692011248461-1632                   0000000000000001632500000000002               011632      12111100000007500000000000012N060911000000000000000000000000000000000000000000000000000000000000000100067649467600ENEAS VIRGILIO SALDANHA BAYÃO           RUA DR. VIRGILIO UCHOA, 111                         30320240                                                            000026
1                   000902692011248461-1633                   0000000000000001633300000000002               011633      12121100000007500000000000012N060911000000000000000000000000000000000000000000000000000000000000000100067649467600ENEAS VIRGILIO SALDANHA BAYÃO           RUA DR. VIRGILIO UCHOA, 111                         30320240                                                            000027
1                   000902692011248461-1634                   0000000000000001634100000000002               011634      26091100000000240000000000012N060911120000000000000800000000000000000000000000000000000000000000000233479023000180BANCO CITIBANK S.A                      Avenida Paulista, nº 1.111, 2º andar,1.1            01311920                                                            000028
1                   000902692011248461-1635                   0000000000000001635P00000000002               011635      16091100000000013000000000012N060911120000000000000040000000000000000000000000000000000000000000000251181287000134Extinpaul Equipamentos Contra Incêndio LRua Campista,88                                     02314080                                                            000029
1                   000902692011248461-1636                   0000000000000001636800000000002               011636      26091100000000140000000000012N060911120000000000000470000000000000000000000000000000000000000000000209263012000183Fundo de Investimento em Direitos CreditAvenida Paulista ,1499-19º. Andar                   01311200                                                            000030
9                                                                                                                                                                                                                                                                                                                                                                                                         000031