01REMESSA01COBRANCA       00000000000004130991SISTEMA DE CARTóRIO CERTIDõES 237BRADESCO       060312        MX0000509                                                                                                                                                                                                                                                                                     000001
1                   000902692011248461-3052                   0000000000000003052200000000002               013052      12031200000000190400000000012N0203121200000000000006300000000000000000000000000000000000000000000002000000006690751 Banco do Brasil S.A.                  Rua João Cachoeira,754                              04535002                                                            000002
1                   000902692011248461-3053                   0000000000000003053000000000002               013053      12031200000000046000000000012N020312120000000000000150000000000000000000000000000000000000000000000262232889000190Banco Daycoval S/A                      Avenida Paulista ,1793-02º Andar                    01311200                                                            000003
1                   000902692011248461-3054                   0000000000000003054900000000002               013054      12031200000000376150000000012N020312120000000000001250000000000000000000000000000000000000000000000209263012000183Fundo de Investimento em Direitos CreditAvenida Paulista ,1499-19º. Andar                   01311200                                                            000004
1                   000902692011248461-3055                   0000000000000003055700000000002               013055      12031200000000200000000000012N020312120000000000000670000000000000000000000000000000000000000000000209263012000183Fundo de Investimento em Direitos CreditAvenida Paulista ,1499-19º. Andar                   01311200                                                            000005
1                   000902692011248461-3056                   0000000000000003056500000000002               013056      12031200000000200000000000012N020312120000000000000670000000000000000000000000000000000000000000000209263012000183Fundo de Investimento em Direitos CreditAvenida Paulista ,1499-19º. Andar                   01311200                                                            000006
1                   000902692011248461-3057                   0000000000000003057300000000002               013057      12031200000000520000000000012N020312120000000000001730000000000000000000000000000000000000000000000262232889000190Banco Daycoval S/A                      Avenida Paulista ,1793-02º Andar                    01311200                                                            000007
1                   000902692011248461-3058                   0000000000000003058100000000002               013058      12031200000000150000000000012N020312120000000000000500000000000000000000000000000000000000000000000200360305289937104 Caixa Econômica Federal             Avenida Brigadeiro Luís Antônio,580                 01318000                                                            000008
1                   000902692011248461-3059                   0000000000000003059P00000000002               013059      12031200000000585000000000012N020312120000000000001950000000000000000000000000000000000000000000000200360305116676104 Caixa Econômica Federal             Avenida Carlos de Campos,,160                       03028000                                                            000009
1                   000902692011248461-3060                   0000000000000003060300000000002               013060      12031200000000780120000000012N020312120000000000002600000000000000000000000000000000000000000000000200360305100400104 Caixa Econômica Federal             Rua São Bento,397-1º andar                          01011100                                                            000010
1                   000902692011248461-3061                   0000000000000003061100000000002               013061      12031200000000082000000000012N020312120000000000000270000000000000000000000000000000000000000000000200360305267887104 Caixa Econômica Federal             Rua São Joaquim,,69-5º andar                        01508000                                                            000011
1                   000902692011248461-3062                   0000000000000003062P00000000002               013062      12031200000000195000000000012N020312120000000000000650000000000000000000000000000000000000000000000200360305100400104 Caixa Econômica Federal             Rua São Bento,397-1º andar                          01011100                                                            000012
1                   000902692011248461-3063                   0000000000000003063800000000002               013063      12031200000000195000000000012N020312120000000000000650000000000000000000000000000000000000000000000200360305024127104 Caixa Econômica Federal             Rua Cajuru,1103/1107                                03057000                                                            000013
1                   000902692011248461-3064                   0000000000000003064600000000002               013064      12031200000000200000000000012N020312120000000000000670000000000000000000000000000000000000000000000201701201000189HSBC Bank Brasil S.A. - Banco Multiplo -Rua Doutor Seidel,425                               05315000                                                            000014
1                   000902692011248461-3065                   0000000000000003065400000000002               013065      07031200000003400000000000012N020312000000000000000000000000000000000000000000000000000000000000000100076584538872MARISE DO NASCIMENTO                    Rua Agenor de Mattos, 489                           01328000                                                            000015
1                   000902692011248461-3066                   0000000000000003066200000000002               013066      08031200000000261270000000012N040312000000000000000870000000000000000000000000000000000000000000000113293656000191GVN CONSULTORIA E ASSESSORIA CARTORÁRIA Av. Djalma Batista,1905-Lj. 12                      69050010Protesto após 5 dias                                        000016
1                   000902692011248461-3067                   0000000000000003067000000000002               013067      08031200000000027960000000012N040312000000000000000090000000000000000000000000000000000000000000000111838860000115M.L. CARDOSO - PRESTAÇÃO DE SERVIÇOS - ERua Luiz Pereira Barreto,304                        16010320Protesto após 5 dias                                        000017
1                   000902692011248461-3068                   0000000000000003068900000000002               013068      08031200000000081750000000012N040312000000000000000270000000000000000000000000000000000000000000000113321680000197Ana Claudia Barbiere Alves Ferreira - MERua São Bento,1688                                  14801300Protesto após 5 dias                                        000018
1                   000902692011248461-3069                   0000000000000003069700000000002               013069      08031200000000500000000000012N040312000000000000001670000000000000000000000000000000000000000000000114371927000142AGA3 INTERMEDIACAO CARTORARIA LTDA.     Rua José Alvim,243                                  12940750Protesto após 5 dias                                        000019
1                   000902692011248461-3070                   0000000000000003070000000000002               013070      08031200000000008000000000012N040312000000000000000030000000000000000000000000000000000000000000000114495115000109MSC ASSESSORIA E CONSULTORIA CARTORARIA Rua Duque de Caxias,161                             06401010Protesto após 5 dias                                        000020
1                   000902692011248461-3071                   0000000000000003071900000000002               013071      08031200000000004500000000012N040312000000000000000020000000000000000000000000000000000000000000000113078931000154Camargo & Oliveira Assessoria CartoráriaRua Santos Dumont,219                               14300000Protesto após 5 dias                                        000021
1                   000902692011248461-3072                   0000000000000003072700000000002               013072      08031200000000104820000000012N040312000000000000000350000000000000000000000000000000000000000000000111864024000105AGICART - SERVIÇOS DOCUMENTALISTAS INTERRua Afonso Pena,5-47                                17060250Protesto após 5 dias                                        000022
1                   000902692011248461-3073                   0000000000000003073500000000002               013073      08031200000000500000000000012N040312000000000000001670000000000000000000000000000000000000000000000114272122000141F2G ATIVIDADES DE INFORMACOES CADASTRAISRua Dr. Moraes ,565-Loja 02                         66035080Protesto após 5 dias                                        000023
1                   000902692011248461-3074                   0000000000000003074300000000002               013074      08031200000000078440000000012N040312000000000000000260000000000000000000000000000000000000000000000113238744000190ARCHANJO TEIXEIRA PREPARAÇÃO DE DOCUMENTAv. Brasil,1586-Loja 06                             30140003Protesto após 5 dias                                        000024
1                   000902692011248461-3075                   0000000000000003075100000000002               013075      08031200000000117150000000012N040312000000000000000390000000000000000000000000000000000000000000000111564744000155SARAIVA´S CONSULTORIA EMPRESARIAL LTDA  Rua Prefeito José Santana Trigueiro,183             32604188Protesto após 5 dias                                        000025
1                   000902692011248461-3076                   0000000000000003076P00000000002               013076      08031200000000006400000000012N040312000000000000000020000000000000000000000000000000000000000000000113913099000164ERM Serviços Administrativos LTDA       Rua 7 de Setembro,1315                              89010207Protesto após 5 dias                                        000026
1                   000902692011248461-3077                   0000000000000003077800000000002               013077      08031200000000094560000000012N040312000000000000000320000000000000000000000000000000000000000000000113619244000107BRAGPOST ASSESSORIA CARTORARIA LTDA     Av. Antonio Pires Pimentel,707                      12914001Protesto após 5 dias                                        000027
1                   000902692011248461-3078                   0000000000000003078600000000002               013078      08031200000000026360000000012N040312000000000000000090000000000000000000000000000000000000000000000112196193000187BR ASSESSORIA CARTORARIA LTDA           CLSW,101-Bloco C, Loja 73                           70670503Protesto após 5 dias                                        000028
1                   000902692011248461-3079                   0000000000000003079400000000002               013079      08031200000000043500000000012N040312000000000000000150000000000000000000000000000000000000000000000113635488000175GARCIA E SANTOS ASSESSORIA CARTORARIA LTRua Raul Veiga,708-Loja B                           28907090Protesto após 5 dias                                        000029
1                   000902692011248461-3080                   0000000000000003080800000000002               013080      08031200000000345710000000012N040312000000000000001150000000000000000000000000000000000000000000000113358931000108RAFAELA FALCATO DE OLIVEIRA EPP         R. Dr. Antônio Alvares Lobo,226                     13020110Protesto após 5 dias                                        000030
1                   000902692011248461-3081                   0000000000000003081600000000002               013081      08031200000000076850000000012N040312000000000000000260000000000000000000000000000000000000000000000114342243000112MD PRESTAÇÃO DE SERVIÇOS LTDA ME        Av. Afonso Pena,5420-SL 5 e 6                       79040010Protesto após 5 dias                                        000031
1                   000902692011248461-3082                   0000000000000003082400000000002               013082      08031200000000024500000000012N040312000000000000000080000000000000000000000000000000000000000000000113192551000146SERVICE CART SERVICOS LTDA - ME         Rua Padre Fabiano,637-Sala 03                       13360000Protesto após 5 dias                                        000032
1                   000902692011248461-3083                   0000000000000003083200000000002               013083      08031200000000053400000000012N040312000000000000000180000000000000000000000000000000000000000000000111198466000160GOMES & KUNCEVICIUS LTDA ME             Rua Prisciliana de Castilho,374-Sala 06             11660330Protesto após 5 dias                                        000033
1                   000902692011248461-3084                   0000000000000003084000000000002               013084      08031200000000038690000000012N040312000000000000000130000000000000000000000000000000000000000000000111569240000128FLECK ASSESSORIA ADMINISTRATIVA LTDA    Avenida Tancredo Neves,385                          85805000Protesto após 5 dias                                        000034
1                   000902692011248461-3085                   0000000000000003085900000000002               013085      08031200000000232750000000012N040312000000000000000780000000000000000000000000000000000000000000000112761154000185MC PRESTADORA DE SERVIÇOS ADMINISTRATIVORua Marechal José B. Bormann,164 E-Sala             89802120Protesto após 5 dias                                        000035
1                   000902692011248461-3086                   0000000000000003086700000000002               013086      08031200000000108410000000012N040312000000000000000360000000000000000000000000000000000000000000000112655472000161CURITIBA ASSESSORIA CARTORARIA LTDA     Rua Tibagi,506                                      80060110Protesto após 5 dias                                        000036
1                   000902692011248461-3087                   0000000000000003087500000000002               013087      08031200000000144400000000012N040312000000000000000480000000000000000000000000000000000000000000000112632803000148RUBIANA SERVIÇOS DE CARTORIO, CERTIDÕES Rua das Esmeraldas,186                              09920520Protesto após 5 dias                                        000037
1                   000902692011248461-3088                   0000000000000003088300000000002               013088      08031200000000500000000000012N040312000000000000001670000000000000000000000000000000000000000000000114393975000131NEWA Intermediação Cartorária LTDA-ME   Rua Guaraiúva,775                                   04569002Protesto após 5 dias                                        000038
1                   000902692011248461-3089                   0000000000000003089100000000002               013089      08031200000000500000000000012N040312000000000000001670000000000000000000000000000000000000000000000100000000000000Cartório Postal - Guarulhos - SP        Rua Luiz Faccini,404                                07110000Protesto após 5 dias                                        000039
1                   000902692011248461-3090                   0000000000000003090500000000002               013090      08031200000000044800000000012N040312000000000000000150000000000000000000000000000000000000000000000112498961000157HANNAH ASSESSORIA CARTORÁRIA LTDA       Rua Visconde de Mauá,208-Térreo                     45653260Protesto após 5 dias                                        000040
1                   000902692011248461-3091                   0000000000000003091300000000002               013091      08031200000000114150000000012N040312000000000000000380000000000000000000000000000000000000000000000112162069000109GODOI & GODOY ASSESSORIA CARTORARIA LTDAAv. Francisco de Paula Leite,1699                   13344325Protesto após 5 dias                                        000041
1                   000902692011248461-3092                   0000000000000003092100000000002               013092      08031200000000014200000000012N040312000000000000000050000000000000000000000000000000000000000000000102248702000114MOURA E MENEZES SERVIÇOS ADMINISTRATIVOSRua Dr. Curvelo Cavalcante,189-Loja 315             23810300Protesto após 5 dias                                        000042
1                   000902692011248461-3093                   0000000000000003093P00000000002               013093      08031200000000078000000000012N040312000000000000000260000000000000000000000000000000000000000000000113287999000143ASSESSORIA CARTORÁRIA CARMO E PÁDUA LTDAAv. Cardoso Moreira,431-Loja 11                     28300000Protesto após 5 dias                                        000043
1                   000902692011248461-3094                   0000000000000003094800000000002               013094      08031200000000500000000000012N040312000000000000001670000000000000000000000000000000000000000000000114130979000127FORMA LEGAL INTERMEDIACAO CARTORARIA LTDRua Venancio Ayres,459-Piso Inferior                18200013Protesto após 5 dias                                        000044
1                   000902692011248461-3095                   0000000000000003095600000000002               013095      08031200000000231150000000012N040312000000000000000770000000000000000000000000000000000000000000000112443155000181ASSESSORIA E CONSULTORIA CARTORARIA DE DRua Santa Cruz,652                                  13300090Protesto após 5 dias                                        000045
1                   000902692011248461-3096                   0000000000000003096400000000002               013096      08031200000000010500000000012N040312000000000000000040000000000000000000000000000000000000000000000112139078000170RW MARIZ ESTRUTURA CARTORAL LTDA        Av Epitácio Pessoa,475-Sala 05                      58030906Protesto após 5 dias                                        000046
1                   000902692011248461-3097                   0000000000000003097200000000002               013097      08031200000000169900000000012N040312000000000000000570000000000000000000000000000000000000000000000112572498000146Alphacentral Documentos e Serviços LTDA Rua Zacarias de Goes,285                            13201800Protesto após 5 dias                                        000047
1                   000902692011248461-3098                   0000000000000003098000000000002               013098      08031200000000500000000000012N040312000000000000001670000000000000000000000000000000000000000000000114648481000150IRMÃOS CORREA INTERMEDIAÇÃO CARTORÁRIA LAv. Luis de Camões,1287-Sala 02                     88523000Protesto após 5 dias                                        000048
1                   000902692011248461-3099                   0000000000000003099900000000002               013099      08031200000000016000000000012N040312000000000000000050000000000000000000000000000000000000000000000113585685000127ASSESSORIA CARTORÁRIA LIMEIRA LTDA ME   Rua Senador Vergueiro ,788                          13480001Protesto após 5 dias                                        000049
1                   000902692011248461-3100                   0000000000000003100600000000002               013100      08031200000000133430000000012N0403120000000000000004400000000000000000000000000000000000000000000001112843480001743G7 ASSESSORIA E ORGANIZAÇÃO DE DOCUMENTRua Goiás,1332                                      86020410Protesto após 5 dias                                        000050
1                   000902692011248461-3101                   0000000000000003101400000000002               013101      08031200000000500000000000012N040312000000000000001670000000000000000000000000000000000000000000000114374798000146RAFAEL MROZINSKI ME                     Av. Rio Grande do Sul,193 S-Sala 02                 78455000Protesto após 5 dias                                        000051
1                   000902692011248461-3102                   0000000000000003102200000000002               013102      08031200000000500000000000012N040312000000000000001670000000000000000000000000000000000000000000000114140265000108JGMC SERVICOS ESPECIALIZADOS DE APOIO ADAvenida Nossa Senhora do Sabará,1348                04686001Protesto após 5 dias                                        000052
1                   000902692011248461-3103                   0000000000000003103000000000002               013103      08031200000000056510000000012N040312000000000000000190000000000000000000000000000000000000000000000111222886000134ELIDA ASSESSORIA EMPRESARIAL LTDA       R. Neo Alves Martins,2955-Sala 03                   87013060Protesto após 5 dias                                        000053
1                   000902692011248461-3104                   0000000000000003104900000000002               013104      08031200000000500000000000012N040312000000000000001670000000000000000000000000000000000000000000000114456232000163RENATA GLORIA DE ALMEIDA ME             Rua Juscelino K. de Oliveira,763                    37580000Protesto após 5 dias                                        000054
1                   000902692011248461-3105                   0000000000000003105700000000002               013105      08031200000000012500000000012N040312000000000000000040000000000000000000000000000000000000000000000114380673000129IGUACU POSTAL LTDA ME                   Rua Dr. Barros Junior,272-Loja 05                   26210300Protesto após 5 dias                                        000055
1                   000902692011248461-3106                   0000000000000003106500000000002               013106      08031200000000390800000000012N040312000000000000001300000000000000000000000000000000000000000000000113133167000172MONARO & FRANCO SERVIÇOS ORGANIZACIONAISRua dos Marianos,132                                06016050Protesto após 5 dias                                        000056
1                   000902692011248461-3107                   0000000000000003107300000000002               013107      08031200000000041090000000012N040312000000000000000140000000000000000000000000000000000000000000000113622593000170VERA & MARIA SERVIÇOS E ASSESSORIA CARTORua Paraná,629                                      19900021Protesto após 5 dias                                        000057
1                   000902692011248461-3108                   0000000000000003108100000000002               013108      08031200000000500000000000012N040312000000000000001670000000000000000000000000000000000000000000000113969109000183CAVALCANTE & CRUZ INTERMEDIACAO CARTORARAv. Getulio Vargas,139                              58400052Protesto após 5 dias                                        000058
1                   000902692011248461-3109                   0000000000000003109P00000000002               013109      08031200000000007850000000012N040312000000000000000030000000000000000000000000000000000000000000000113743219000122Valentim e Silva Serviços               Praça Antônio Dias,584                              38700110Protesto após 5 dias                                        000059
1                   000902692011248461-3110                   0000000000000003110300000000002               013110      08031200000000500000000000012N040312000000000000001670000000000000000000000000000000000000000000000126069567000108JPS SERVIÇOS LTDA ME                    Rua Apinajés,1100-Cj. 501                           05017000Protesto após 5 dias                                        000060
1                   000902692011248461-3111                   0000000000000003111100000000002               013111      08031200000000500000000000012N040312000000000000001670000000000000000000000000000000000000000000000113845551000106MACEDO & MELO INTERMEDIACOES CARTORARIASRua David Caldas,564-B                              64000190Protesto após 5 dias                                        000061
1                   000902692011248461-3112                   0000000000000003112P00000000002               013112      08031200000000209050000000012N040312000000000000000700000000000000000000000000000000000000000000000111253279000131ANDRIETTA & PIVA LTDA                   R. Gov. Pedro de Toledo,569                         13400070Protesto após 5 dias                                        000062
1                   000902692011248461-3113                   0000000000000003113800000000002               013113      08031200000000017900000000012N040312000000000000000060000000000000000000000000000000000000000000000105910405000180Saad Vargas Assessoria Empresarial Ltda Rua Sete de Setembro,635                            84010350Protesto após 5 dias                                        000063
1                   000902692011248461-3114                   0000000000000003114600000000002               013114      08031200000000145380000000012N040312000000000000000480000000000000000000000000000000000000000000000114467333000130Sirley Santos Niemic - ME               Av. Municipal,1779 A                                78250000Protesto após 5 dias                                        000064
1                   000902692011248461-3115                   0000000000000003115400000000002               013115      08031200000000008400000000012N040312000000000000000030000000000000000000000000000000000000000000000112462165000164Viviane Aparecida Henriques - EPP       Rua Rui Barbosa,164                                 19010260Protesto após 5 dias                                        000065
1                   000902692011248461-3116                   0000000000000003116200000000002               013116      08031200000000452510000000012N040312000000000000001510000000000000000000000000000000000000000000000111619454000161ASSESSORIA CARTORÁRIA DO NORDESTE LTDA  Av. Conselheiro Rosa e Silva,1460 -Sala             52020220Protesto após 5 dias                                        000066
1                   000902692011248461-3117                   0000000000000003117000000000002               013117      08031200000000047400000000012N040312000000000000000160000000000000000000000000000000000000000000000113800899000179TEIXEIRA CARREIRO INTERMEDIACAO CARTORARRua Luiz Pistarini,74-Loja E                        27542090Protesto após 5 dias                                        000067
1                   000902692011248461-3118                   0000000000000003118900000000002               013118      08031200000000065020000000012N040312000000000000000220000000000000000000000000000000000000000000000111675298000156MORANDO & MORANDO SERVIÇOS TRANSCRIÇÃO DRua Tibiriçá,189                                    14010090Protesto após 5 dias                                        000068
1                   000902692011248461-3119                   0000000000000003119700000000002               013119      08031200000000656440000000012N040312000000000000002190000000000000000000000000000000000000000000000111144435000126M&Z Documentos Cartorários Ltda         R. da Assembléia,10-Lj. Subsl. 112                  20011000Protesto após 5 dias                                        000069
1                   000902692011248461-3120                   0000000000000003120000000000002               013120      08031200000000015390000000012N040312000000000000000050000000000000000000000000000000000000000000000111777632000182CFN ASSESSORIA EM DOCUMENTOS LTDA       R Prefeito Carlos José Carlson,226-CJ 01            09450000Protesto após 5 dias                                        000070
1                   000902692011248461-3121                   0000000000000003121900000000002               013121      08031200000000000000000000012N040312000000000000000000000000000000000000000000000000000000000000000113350598000190CP SERVIÇOS ADMINISTRATIVO LTDA - ME    Rua Arnaldo Estevão de Figueiredo,640               78700150Protesto após 5 dias                                        000071
1                   000902692011248461-3122                   0000000000000003122700000000002               013122      08031200000000010770000000012N040312000000000000000040000000000000000000000000000000000000000000000113576355000175NELSON CARLOS LEME                      Rua 9 de Julho,696                                  13320005Protesto após 5 dias                                        000072
1                   000902692011248461-3123                   0000000000000003123500000000002               013123      08031200000000301960000000012N040312000000000000001010000000000000000000000000000000000000000000000113098867000173ROMI & ZANATTA LTDA - ME                Rua Floriano Peixoto,692                            13450023Protesto após 5 dias                                        000073
1                   000902692011248461-3124                   0000000000000003124300000000002               013124      08031200000000186420000000012N040312000000000000000620000000000000000000000000000000000000000000000108854020000131M.V. FRANZOSO – SOLUCOES EMPRESARIAIS – Rua Rio Branco,483                                  09710090Protesto após 5 dias                                        000074
1                   000902692011248461-3125                   0000000000000003125100000000002               013125      08031200000000089930000000012N040312000000000000000300000000000000000000000000000000000000000000000113821603000104SPEEDCART APOIO E SERVICOS ADMINISTRATIVRua Amazonas,156                                    09520060Protesto após 5 dias                                        000075
1                   000902692011248461-3126                   0000000000000003126P00000000002               013126      08031200000000043630000000012N040312000000000000000150000000000000000000000000000000000000000000000113433192000171CONSULT SERVICE ASSESSORIA CARTORÁRIA LTRua Episcopal,1714-Loja 02                          13560570Protesto após 5 dias                                        000076
1                   000902692011248461-3127                   0000000000000003127800000000002               013127      08031200000000466980000000012N040312000000000000001560000000000000000000000000000000000000000000000111495482000114CATARINENSE ASSESSORIA CARTORÁRIA LTDA  Rua Antônio Scherer,465-Loja 3                      88102090Protesto após 5 dias                                        000077
1                   000902692011248461-3128                   0000000000000003128600000000002               013128      08031200000002968190000000012N040312000000000000009890000000000000000000000000000000000000000000000110906064000100MAIA SERVIÇOS ADMINISTRATIVOS LTDA      Rua Bernardino de Campos,3180-Loja 04 Ga            15015300Protesto após 5 dias                                        000078
1                   000902692011248461-3129                   0000000000000003129400000000002               013129      08031200000000928310000000012N040312000000000000003090000000000000000000000000000000000000000000000111165549000152D´ VASQUEZ SERVIÇOS CARTORARIOS LTDA - EAv. Dr. João Guilhermino,293                        12210131Protesto após 5 dias                                        000079
1                   000902692011248461-3130                   0000000000000003130800000000002               013130      08031200000000007000000000012N040312000000000000000020000000000000000000000000000000000000000000000114018734000102TEOF LTDA ME                            Rua Barão do Cerro Azul,1851 B                      83025140Protesto após 5 dias                                        000080
1                   000902692011248461-3131                   0000000000000003131600000000002               013131      08031200000000870030000000012N040312000000000000002900000000000000000000000000000000000000000000000111163439000151RF-SERVICOS DE DOCUMENTACAO LTDA.       Av. Mal. Castelo Branco,173-A                       65076090Protesto após 5 dias                                        000081
1                   000902692011248461-3132                   0000000000000003132400000000002               013132      08031200000000147890000000012N040312000000000000000490000000000000000000000000000000000000000000000110999668000148ASSESSORIA E CONSULTORIA DE DOCUMENTOS ER. Leopoldo Machado,242-Loja 02                     18035075Protesto após 5 dias                                        000082
1                   000902692011248461-3133                   0000000000000003133200000000002               013133      08031200000000769150000000012N040312000000000000002560000000000000000000000000000000000000000000000111029315000188SUZAN CART CERTIDOES LTDA - ME          Rua Gal. Francisco Glicério,1185                    08674003Protesto após 5 dias                                        000083
1                   000902692011248461-3134                   0000000000000003134000000000002               013134      08031200000000500000000000012N040312000000000000001670000000000000000000000000000000000000000000000114282003000170GIRA MUNDO INTERMEDIAÇÃO CARTORÁRIA LTDARua Tijuco Preto,278-Térreo                         03316000Protesto após 5 dias                                        000084
1                   000902692011248461-3135                   0000000000000003135900000000002               013135      08031200000000119350000000012N040312000000000000000400000000000000000000000000000000000000000000000111165549000233D´ VASQUEZ SERVIÇOS CARTORARIOS LTDA EPPRua Coronel Augusto Monteiro,650                    12020160Protesto após 5 dias                                        000085
1                   000902692011248461-3136                   0000000000000003136700000000002               013136      08031200000000013500000000012N040312000000000000000050000000000000000000000000000000000000000000000110918131000106PROCART - PROCESSOS CARTORAIS LTDA      Rua Primeiro de Janeiro,35-Sala 101                 35180032Protesto após 5 dias                                        000086
1                   000902692011248461-3137                   0000000000000003137500000000002               013137      08031200000000319090000000012N040312000000000000001060000000000000000000000000000000000000000000000113406670000154RODRIGUES E VIEIRA LTDA.                208 Sul AV. LO 03-LT 11, ED. VITORIA, Sa            77020542Protesto após 5 dias                                        000087
1                   000902692011248461-3138                   0000000000000003138300000000002               013138      08031200000000500000000000012N040312000000000000001670000000000000000000000000000000000000000000000114567761000134ABEN INTERMEDIACAO CARTORARIA LTDA ME   Rua Coronel Manoel Borges,321                       38010410Protesto após 5 dias                                        000088
1                   000902692011248461-3139                   0000000000000003139100000000002               013139      08031200000001022130000000012N040312000000000000003410000000000000000000000000000000000000000000000111834699000101REGIS ORLANDINI ASSESSORIA CARTORARIA LTAv. João Naves de Ávila,81                          38400600Protesto após 5 dias                                        000089
1                   000902692011248461-3140                   0000000000000003140500000000002               013140      08031200000000500000000000012N040312000000000000001670000000000000000000000000000000000000000000000114395950000177VILARONGA REPRESENTACOES E INTERMEDIACOERua José Gonçalves Pereira,35-LJ 1                  37010500Protesto após 5 dias                                        000090
1                   000902692011248461-3141                   0000000000000003141300000000002               013141      08031200000000500000000000012N040312000000000000001670000000000000000000000000000000000000000000000108343505000160LUMARTHZ SOLUCOES ADMINISTRATIVAS LTDA -Rua Nove de Julho,430-Lj 03 - Galeria de            13280000Protesto após 5 dias                                        000091
1                   000902692011248461-3142                   0000000000000003142100000000002               013142      08031200000000190440000000012N040312000000000000000630000000000000000000000000000000000000000000000113372039000181De Paula & França Serviço Privado de IntAv. Nossa Senhora da Penha,235-Loja 03              29055050Protesto após 5 dias                                        000092
1                   000902692011248461-3143                   0000000000000003143P00000000002               013143      08031200000000004200000000012N040312000000000000000010000000000000000000000000000000000000000000000111479061000108ANDRADE SOARES LOPES LTDA               Rua Lehar David,05                                  45000445Protesto após 5 dias                                        000093
1                   000902692011248461-3144                   0000000000000003144800000000002               013144      08031200000000500000000000012N040312000000000000001670000000000000000000000000000000000000000000000114834058000145PEREIRA CARREIRO INTERMEDIAÇÃO CARTORARIRua Paulo Leopoldo Marçal,108-B                     27213280Protesto após 5 dias                                        000094
1                   000902692011248461-3145                   0000000000000003145600000000002               013145      16031200000000174000000000012N060312120000000000000580000000000000000000000000000000000000000000000203723171000137E Cunha Consultoria Empresarial Ltda.   Rua Nova York ,959                                  04560002                                                            000095
1                   000902692011248461-3146                   0000000000000003146400000000002               013146      16031200000000288000000000012N060312120000000000000960000000000000000000000000000000000000000000000200360305267887104 Caixa Econômica Federal             Rua São Joaquim,69-5º andar                         01508000                                                            000096
1                   000902692011248461-3147                   0000000000000003147200000000002               013147      16031200000000164000000000012N060312120000000000000550000000000000000000000000000000000000000000000200360305267887104 Caixa Econômica Federal             Rua São Joaquim,69-5º andar                         01508000                                                            000097
1                   000902692011248461-3148                   0000000000000003148000000000002               013148      16031200000000192000000000012N060312120000000000000640000000000000000000000000000000000000000000000200360305267887104 Caixa Econômica Federal             Rua São Joaquim, 69 - 5º andar,69-5º and            01508000                                                            000098
1                   000902692011248461-3149                   0000000000000003149900000000002               013149      16031200000000487150000000012N060312120000000000001620000000000000000000000000000000000000000000000253283180000122Tesheiner Cavassani e Giacomazi AdvogadoRua João Adolfo,118-Conj. 405                       01050020                                                            000099
1                   000902692011248461-3150                   0000000000000003150200000000002               013150      16031200000000269070000000012N060312120000000000000900000000000000000000000000000000000000000000000253283180000122Tesheiner Cavassani e Giacomazi AdvogadoRua João Adolfo,118-Conj. 405                       01050020                                                            000100
1                   000902692011248461-3032                   0000000000000003032800000000002               063032      16031200000025000000000000012N290212000000000000000000000000000000000000000000000000000000000000000100062476351091Roberta Daoud Orselli                   Rua Andradas, 491                                   96200030                                                            000101
1                   000902692011248461-3004                   0000000000000003004200000000002               313004      08031200000000120000000000012N270212120000000000010000000000000000000000000000000000000000000000000250533876000171PANAMERICANO ADMINISTRADORA DE CONSÓRCIOAv. Paulista, 2.240                                 01310200                                                            000102
1                   000902692011248461-3011                   0000000000000003011500000000002               313011      28051200000010200000000000012N270212000000000000000000000000000000000000000000000000000000000000000100014249418812REINALDO JOSE VENANCIO JUNIOR           RUA HAITI, 129                                      09280290                                                            000103
1                   000902692011248461-3011                   0000000000000003011500000000002               063011      28051200000010200000000000012N270212000000000000000000000000000000000000000000000000000000000000000100014249418812REINALDO JOSE VENANCIO JUNIOR           RUA HAITI, 129                                      09280290                                                            000104
1                   000902692011248461-3012                   0000000000000003012300000000002               063012      28061200000010200000000000012N270212000000000000000000000000000000000000000000000000000000000000000100014249418812REINALDO JOSE VENANCIO JUNIOR           RUA HAITI, 129                                      09280290                                                            000105
1                   000902692011248461-2985                   0000000000000002985000000000002               062985      23031200000000200000000000012N240212120000000000010000000000000000000000000000000000000000000000000209263012000183Fundo de Investimento em Direitos CreditAvenida Paulista ,1499-19º. Andar                   01311200                                                            000106
9                                                                                                                                                                                                                                                                                                                                                                                                         000107