01REMESSA01COBRANCA       00000000000004130991SISTEMA DE CARTóRIO CERTIDõES 237BRADESCO       060711        MX0000398                                                                                                                                                                                                                                                                                     000001
1                   000902692011248461-1077                   0000000000000001077700000000002               011077      15071100000000530000000000012N050711120000000000001770000000000000000000000000000000000000000000000200360305073845104 Caixa Econômica Federal             Rua Campos Sales , ,198                             06401000                                                            000002
1                   000902692011248461-1078                   0000000000000001078500000000002               011078      15071100000000214000000000012N050711120000000000000710000000000000000000000000000000000000000000000200360305136510104 Caixa Econômica Federal             Estrada do Campo Limpo ,3877                        05777000                                                            000003
1                   000902692011248461-1079                   0000000000000001079300000000002               011079      15071100000000240000000000012N050711120000000000000800000000000000000000000000000000000000000000000200360305167904104 Caixa Econômica Federal             Avenida Paulista,302,302                            01310000                                                            000004
1                   000902692011248461-1080                   0000000000000001080700000000002               011080      15071100000000240000000000012N050711120000000000000800000000000000000000000000000000000000000000000200360305092807104 Caixa Econômica Federal             Rua Miguel Prisco ,40                               09400110                                                            000005
1                   000902692011248461-1081                   0000000000000001081500000000002               011081      15071100000000240000000000012N050711120000000000000800000000000000000000000000000000000000000000000200360305328002104 Caixa Econômica Federal             Estrada do M’Boi Mirim,4153                         35839200                                                            000006
1                   000902692011248461-1082                   0000000000000001082300000000002               011082      15071100000000240000000000012N050711120000000000000800000000000000000000000000000000000000000000000200360305167904104 Caixa Econômica Federal             Avenida Paulista,302,302                            01310000                                                            000007
1                   000902692011248461-1083                   0000000000000001083100000000002               011083      15071100000000347640000000012N050711120000000000001160000000000000000000000000000000000000000000000233479023000180CITIBANK RISK MANAGEMENT                Avenida Paulista, nº 1.111, 2º andar,1.1            01311920                                                            000008
1                   000902692011248461-1084                   0000000000000001084P00000000002               011084      08071100000011666670000000012N050711120000000000000000000000000000000000000000000000000000000000000213787920000143GAONA E ALVARENGA INTERMEDIAÇÃO CART.   AV. PREFEITO OSMAR CUNHA,183 BL B SL1106            88015900                                                            000009
1                   000902692011248461-1085                   0000000000000001085800000000002               011085      08071100000011666670000000012N050711000000000000000000000000000000000000000000000000000000000000000213787920000143GAONA E ALVARENGA INTERMEDIAÇÃO CART.   AV. PREFEITO OSMAR CUNHA,183 BL B SL1106            88015900                                                            000010
1                   000902692011248461-1086                   0000000000000001086600000000002               011086      08071100000046666000000000012N050711120000000000000000000000000000000000000000000000000000000000000100000478771118GIULIANA MOREIRA  DE MELO               RUA PEDRO MARTINS, 101                              79032340                                                            000011
1                   000902692011248461-1087                   0000000000000001087400000000002               011087      18071100000000179000000000012N060711120000000000000600000000000000000000000000000000000000000000000100025619377806CLAUBERTO SILVA BEZERRA                 Rua 130,81                                          61936330                                                            000012
1                   000902692011248461-1088                   0000000000000001088200000000002               011088      18071100000000132000000000012N060711120000000000000440000000000000000000000000000000000000000000000100008790555880JANE PEREIRA DA SILVA MONTEIRO          Rua Helena Duarte Silva,112                         06764440                                                            000013
1                   000902692011248461-1089                   0000000000000001089000000000002               011089      18071100000000510000000000012N060711120000000000001700000000000000000000000000000000000000000000000265969875000141RODOVIARIO NOVO TEMPO LTDA              Rua João Roberto Thut,709                           02751010                                                            000014
1                   000902692011248461-1090                   0000000000000001090400000000002               011090      18071100000000420000000000012N060711120000000000001400000000000000000000000000000000000000000000000233479023000180CITIBANK RISK MANAGEMENT                Avenida Paulista, ,1.111-2º andar                   01311920                                                            000015
1                   000902692011248461-1091                   0000000000000001091200000000002               011091      18071100000000240000000000012N060711120000000000000800000000000000000000000000000000000000000000000200360305122137104 Caixa Econômica Federal             AV: Professor Francisco Morato,,1415                05513100                                                            000016
1                   000902692011248461-1092                   0000000000000001092000000000002               011092      18071100000002638220000000012N060711120000000000008790000000000000000000000000000000000000000000000217184037010506389 Banco Mercantil do Brasil S.A.      Avenida Paulista ,923                               01311100                                                            000017
1                   000902692011248461-1093                   0000000000000001093900000000002               011093      18071100000000148400000000012N060711120000000000000490000000000000000000000000000000000000000000000262232889000190Banco Daycoval S/A                      Avenida Paulista,1793-02º Andar                     01311200                                                            000018
1                   000902692011248461-932                    0000000000000000932900000000002               06932       11071100000001702080000000012N170611000000000000010000000000000000000000000000000000000000000000000207058096000198ANA PELLEGRINI ADVOGADOS ASSOCIADOS     Avenida Paulista,1159-Conj. 703 – 7º and            01311200                                                            000019
1                   000902692011248461-977                    0000000000000000977900000000002               31977       11071100000000850000000000012N290611120000000000010000000000000000000000000000000000000000000000000209263012000183Fundo de Investimento em Direitos CreditAvenida Paulista,1499-19º andar                     01311200                                                            000020
1                   000902692011248461-467                    0000000000000000467P00000000002               02467       05081100000003333330000000012N120411120000000000000000000000000000000000000000000000000000000000000100003103794827Rita Maria Gaona                        Av. Professor João Fiusa, 2161 - apto 44            14024250                                                            000021
1                   000902692011248461-468                    0000000000000000468800000000002               02468       05091100000003333330000000012N120411120000000000000000000000000000000000000000000000000000000000000100003103794827Rita Maria Gaona                        Av. Professor João Fiusa, 2161 - apto 44            14024250                                                            000022
1                   000902692011248461-469                    0000000000000000469600000000002               02469       05101100000003333330000000012N120411120000000000000000000000000000000000000000000000000000000000000100003103794827Rita Maria Gaona                        Av. Professor João Fiusa, 2161 - apto 44            14024250                                                            000023
1                   000902692011248461-470                    0000000000000000470P00000000002               02470       05111100000003333330000000012N120411120000000000000000000000000000000000000000000000000000000000000100003103794827Rita Maria Gaona                        Av. Professor João Fiusa, 2161 - apto 44            14024250                                                            000024
1                   000902692011248461-473                    0000000000000000473400000000002               02473       05081100000003333330000000012N120411120000000000000000000000000000000000000000000000000000000000000100031076131859Rodrigo de Melo Alvarenga               Rua Barão do Amazonas, 1167 apto 111                14010120                                                            000025
1                   000902692011248461-474                    0000000000000000474200000000002               02474       05091100000003333330000000012N120411120000000000000000000000000000000000000000000000000000000000000100031076131859Rodrigo de Melo Alvarenga               Rua Barão do Amazonas, 1167 apto 111                14010120                                                            000026
1                   000902692011248461-475                    0000000000000000475000000000002               06475       05101100000003333330000000012N120411110000000000000000000000000000000000000000000000000000000000000100031076131859Rodrigo de Melo Alvarenga               Rua Barão do Amazonas, 1167 apto 111                14010120                                                            000027
1                   000902692011248461-476                    0000000000000000476900000000002               02476       05111100000003333330000000012N120411120000000000000000000000000000000000000000000000000000000000000100031076131859Rodrigo de Melo Alvarenga               Rua Barão do Amazonas, 1167 apto 111                14010120                                                            000028
1                   000902692011248461-986                    0000000000000000986800000000002               06986       15071100000000140000000000012N290611120000000000010000000000000000000000000000000000000000000000000209263012000183Fundo de Investimento em Direitos CreditAvenida Paulista,1499 ,1499-19º andar               01311200                                                            000029
1                   000902692011248461-986                    0000000000000000986800000000002               31986       15071100000000140000000000012N290611120000000000010000000000000000000000000000000000000000000000000209263012000183Fundo de Investimento em Direitos CreditAvenida Paulista,1499 ,1499-19º andar               01311200                                                            000030
1                   000902692011248461-991                    0000000000000000991400000000002               02991       05071100000046666000000000012N010711120000000000000000000000000000000000000000000000000000000000000100000478771118GIULIANA MOREIRA  DE MELO               RUA PEDRO MARTINS, 101                              79032340                                                            000031
1                   000902692011248461-769                    0000000000000000769500000000002               02769       06061100000000176000000000012N250511000000000000010000000000000000000000000000000000000000000000000233479023000180CITIBANK RISK MANAGEMENT                Avenida Paulista,1.111-2º andar                     01311920                                                            000032
1                   000902692011248461-649                    0000000000000000649400000000002               02649       14051100000000061000000000012N040511000000000000010000000000000000000000000000000000000000000000000100002241922803JOSEPHA MARTINS DOS SANTOS              Praça José Gebara,46                                03518100                                                            000033
1                   000902692011248461-980                    0000000000000000980900000000002               06980       29071100000013807240000000012N290611120000000000010000000000000000000000000000000000000000000000000292894922000108BANCO MATONE (Núcleo Consignado RJ - MatAvenida Rio Branco,115  18 º Andar                  20040004                                                            000034
1                   000902692011248461-987                    0000000000000000987600000000002               06987       29071100000006987870000000012N290611120000000000010000000000000000000000000000000000000000000000000292894922000108BANCO MATONE (Núcleo Consignado RJ - MatAvenida Rio Branco,115 18º andar                    20040004                                                            000035
1                   000902692011248461-929                    0000000000000000929900000000002               02929       27061100000000171200000000012N150611000000000000010000000000000000000000000000000000000000000000000209263012000183Fundo de Investimento em Direitos CreditAvenida Paulista,1499-19º andar                     01311200                                                            000036
1                   000902692011248461-930                    0000000000000000930200000000002               02930       27061100000000143000000000012N160611000000000000010000000000000000000000000000000000000000000000000100012948162840EMERSON ALAN SPINA                      Rua Tucuna,600-Apto 94                              05021010                                                            000037
9                                                                                                                                                                                                                                                                                                                                                                                                         000038