01REMESSA01COBRANCA       00000000000004130991SISTEMA DE CARTóRIO CERTIDõES 237BRADESCO       060511        MX0000358                                                                                                                                                                                                                                                                                     000001
1                   000902692011248461-653                    0000000000000000653200000000002               01653       15051100000000079300000000012N050511000000000000000260000000000000000000000000000000000000000000000200360305267887104 Caixa Econômica Federal             Rua São Joaquim ,69-5º andar                        01508001                                                            000002
1                   000902692011248461-654                    0000000000000000654000000000002               01654       17051100000001180030000000012N050511000000000000003930000000000000000000000000000000000000000000000262232889000190Banco Daycoval S/A                      Avenida Paulista ,1793-02º Andar                    01311200                                                            000003
1                   000902692011248461-656                    0000000000000000656700000000002               01656       17051100000000080600000000012N050511000000000000000270000000000000000000000000000000000000000000000100008565983803WILSON RODRIGUES NOGUEIRA               Rua Francisco Caminhoa,25-BL 04 APTO 32             05791070                                                            000004
1                   000902692011248461-657                    0000000000000000657500000000002               01657       17061100000000088000000000012N050511000000000000000290000000000000000000000000000000000000000000000200360305267887104 Caixa Econômica Federal             Rua São Joaquim ,69-5º andar                        01508001                                                            000005
9                                                                                                                                                                                                                                                                                                                                                                                                         000006