01REMESSA01COBRANCA       00000000000004130991SISTEMA DE CARTóRIO CERTIDõES 237BRADESCO       061211        MX0000478                                                                                                                                                                                                                                                                                     000001
1                   000902692011248461-2325                   0000000000000002325900000000002               012325      08121100000000238250000000012N051211000000000000000790000000000000000000000000000000000000000000000113293656000191GVN CONSULTORIA E ASSESSORIA CARTORÁRIA Av. Djalma Batista,1905-Lj. 12                      69050010Protesto após 5 dias                                        000002
1                   000902692011248461-2326                   0000000000000002326700000000002               012326      08121100000000010030000000012N051211000000000000000030000000000000000000000000000000000000000000000111818583000189MARCIA JERONYMA DE MORAES LOPES         Av. Nossa Sra. Auxiliadora,S/N-Quadra 09            74980080Protesto após 5 dias                                        000003
1                   000902692011248461-2327                   0000000000000002327500000000002               012327      08121100000000001500000000012N051211000000000000000010000000000000000000000000000000000000000000000111838860000115M.L. CARDOSO - PRESTAÇÃO DE SERVIÇOS - ERua Luiz Pereira Barreto,304                        16010320Protesto após 5 dias                                        000004
1                   000902692011248461-2328                   0000000000000002328300000000002               012328      08121100000000080320000000012N051211000000000000000270000000000000000000000000000000000000000000000113321680000197Ana Claudia Barbiere Alves Ferreira - MERua São Bento,1688                                  14801300Protesto após 5 dias                                        000005
1                   000902692011248461-2329                   0000000000000002329100000000002               012329      08121100000000500000000000012N051211000000000000001670000000000000000000000000000000000000000000000114371927000142AGA3 INTERMEDIACAO CARTORARIA LTDA.     Rua José Alvim,243                                  12940750Protesto após 5 dias                                        000006
1                   000902692011248461-2330                   0000000000000002330500000000002               012330      08121100000000043500000000012N051211000000000000000150000000000000000000000000000000000000000000000111871164000100PANDIN BUENO ASSESSORIA CARTORÁRIA LTDA Rua 20,1014                                         14780070Protesto após 5 dias                                        000007
1                   000902692011248461-2331                   0000000000000002331300000000002               012331      08121100000000028190000000012N051211000000000000000090000000000000000000000000000000000000000000000113078931000154Camargo & Oliveira Assessoria CartoráriaRua Santos Dumont,219                               14300000Protesto após 5 dias                                        000008
1                   000902692011248461-2332                   0000000000000002332100000000002               012332      08121100000000268690000000012N051211000000000000000900000000000000000000000000000000000000000000000111864024000105AGICART - SERVIÇOS DOCUMENTALISTAS INTERRua Afonso Pena,5-47                                17060250Protesto após 5 dias                                        000009
1                   000902692011248461-2333                   0000000000000002333P00000000002               012333      08121100000000500000000000012N051211000000000000001670000000000000000000000000000000000000000000000114272122000141F2G ATIVIDADES DE INFORMACOES CADASTRAISRua Dr. Moraes ,565-Loja 02                         66035080Protesto após 5 dias                                        000010
1                   000902692011248461-2334                   0000000000000002334800000000002               012334      08121100000000033560000000012N051211000000000000000110000000000000000000000000000000000000000000000113238744000190ARCHANJO TEIXEIRA PREPARAÇÃO DE DOCUMENTAv. Brasil,1586-Loja 06                             30140003Protesto após 5 dias                                        000011
1                   000902692011248461-2335                   0000000000000002335600000000002               012335      08121100000000046500000000012N051211000000000000000160000000000000000000000000000000000000000000000111564744000155SARAIVA´S CONSULTORIA EMPRESARIAL LTDA  Rua Prefeito José Santana Trigueiro,183             32604188Protesto após 5 dias                                        000012
1                   000902692011248461-2336                   0000000000000002336400000000002               012336      08121100000000045000000000012N051211000000000000000150000000000000000000000000000000000000000000000113619244000107BRAGPOST ASSESSORIA CARTORARIA LTDA     Av. Antonio Pires Pimentel,707                      12914001Protesto após 5 dias                                        000013
1                   000902692011248461-2337                   0000000000000002337200000000002               012337      08121100000000028490000000012N051211000000000000000090000000000000000000000000000000000000000000000112196193000187BR ASSESSORIA CARTORARIA LTDA           CLSW,101-Bloco C, Loja 73                           70670503Protesto após 5 dias                                        000014
1                   000902692011248461-2338                   0000000000000002338000000000002               012338      08121100000000031290000000012N051211000000000000000100000000000000000000000000000000000000000000000113635488000175GARCIA E SANTOS ASSESSORIA CARTORARIA LTRua Raul Veiga,708-Loja B                           28907090Protesto após 5 dias                                        000015
1                   000902692011248461-2339                   0000000000000002339900000000002               012339      08121100000000530190000000012N051211000000000000001770000000000000000000000000000000000000000000000113358931000108RAFAELA FALCATO DE OLIVEIRA EPP         R. Dr. Antônio Alvares Lobo,226                     13020110Protesto após 5 dias                                        000016
1                   000902692011248461-2340                   0000000000000002340200000000002               012340      08121100000000004730000000012N051211000000000000000020000000000000000000000000000000000000000000000114342243000112MD PRESTAÇÃO DE SERVIÇOS LTDA ME        Av. Afonso Pena,5420-SL 5 e 6                       79040010Protesto após 5 dias                                        000017
1                   000902692011248461-2341                   0000000000000002341000000000002               012341      08121100000000078200000000012N051211000000000000000260000000000000000000000000000000000000000000000111198466000160GOMES & KUNCEVICIUS LTDA ME             Rua Prisciliana de Castilho,374-Sala 06             11660330Protesto após 5 dias                                        000018
1                   000902692011248461-2342                   0000000000000002342900000000002               012342      08121100000000003340000000012N051211000000000000000010000000000000000000000000000000000000000000000111569240000128FLECK ASSESSORIA ADMINISTRATIVA LTDA    Avenida Tancredo Neves,385                          85805000Protesto após 5 dias                                        000019
1                   000902692011248461-2343                   0000000000000002343700000000002               012343      08121100000000165380000000012N051211000000000000000550000000000000000000000000000000000000000000000112761154000185MC PRESTADORA DE SERVIÇOS ADMINISTRATIVORua Marechal José B. Bormann,164 E-Sala             89802120Protesto após 5 dias                                        000020
1                   000902692011248461-2344                   0000000000000002344500000000002               012344      08121100000000254110000000012N051211000000000000000850000000000000000000000000000000000000000000000112632803000148RUBIANA SERVIÇOS DE CARTORIO, CERTIDÕES Rua das Esmeraldas,186                              09920520Protesto após 5 dias                                        000021
1                   000902692011248461-2345                   0000000000000002345300000000002               012345      08121100000000064460000000012N051211000000000000000210000000000000000000000000000000000000000000000113787920000143GAONA E ALVARENGA INTERMEDIAÇÃO CARTORÁRAv. Prefeito Osmar Cunha,183-Bloco B - S            88015900Protesto após 5 dias                                        000022
1                   000902692011248461-2401                   0000000000000002401800000000002               012401      16121100000001150000000000012N061211120000000000003830000000000000000000000000000000000000000000000262232889000190Banco Daycoval S/A                      Avenida Paulista ,1793-02º Andar                    01311200                                                            000023
1                   000902692011248461-2347                   0000000000000002347P00000000002               012347      08121100000000040000000000012N051211000000000000000130000000000000000000000000000000000000000000000112498961000157HANNAH ASSESSORIA CARTORÁRIA LTDA       Rua Visconde de Mauá,208-Térreo                     45653260Protesto após 5 dias                                        000024
1                   000902692011248461-2348                   0000000000000002348800000000002               012348      08121100000000068950000000012N051211000000000000000230000000000000000000000000000000000000000000000112162069000109GODOI & GODOY ASSESSORIA CARTORARIA LTDAAv. Francisco de Paula Leite,1699                   13344325Protesto após 5 dias                                        000025
1                   000902692011248461-2349                   0000000000000002349600000000002               012349      08121100000000086170000000012N051211000000000000000290000000000000000000000000000000000000000000000102248702000114MOURA E MENEZES SERVIÇOS ADMINISTRATIVOSRua Dr. Curvelo Cavalcante,189-Loja 315             23810300Protesto após 5 dias                                        000026
1                   000902692011248461-2350                   0000000000000002350P00000000002               012350      08121100000000056280000000012N051211000000000000000190000000000000000000000000000000000000000000000113287999000143ASSESSORIA CARTORÁRIA CARMO E PÁDUA LTDAAv. Cardoso Moreira,431-Loja 11                     28300000Protesto após 5 dias                                        000027
1                   000902692011248461-2351                   0000000000000002351800000000002               012351      08121100000000500000000000012N051211000000000000001670000000000000000000000000000000000000000000000114130979000127FORMA LEGAL INTERMEDIACAO CARTORARIA LTDRua Venancio Ayres,459-Piso Inferior                18200013Protesto após 5 dias                                        000028
1                   000902692011248461-2352                   0000000000000002352600000000002               012352      08121100000000018600000000012N051211000000000000000060000000000000000000000000000000000000000000000112443155000181ASSESSORIA E CONSULTORIA CARTORARIA DE DRua Santa Cruz,652                                  13300090Protesto após 5 dias                                        000029
1                   000902692011248461-2353                   0000000000000002353400000000002               012353      08121100000000200980000000012N051211000000000000000670000000000000000000000000000000000000000000000113565373000151ALMEIDA SOUZA & VASQUEZ - APOIO ADMINISTAv. Bernardino de Campos,174                        12308010Protesto após 5 dias                                        000030
1                   000902692011248461-2354                   0000000000000002354200000000002               012354      08121100000000010380000000012N051211000000000000000030000000000000000000000000000000000000000000000112139078000170RW MARIZ ESTRUTURA CARTORAL LTDA        Av Epitácio Pessoa,475-Sala 05                      58030906Protesto após 5 dias                                        000031
1                   000902692011248461-2355                   0000000000000002355000000000002               012355      08121100000000196750000000012N051211000000000000000660000000000000000000000000000000000000000000000112572498000146Alphacentral Documentos e Serviços LTDA Rua Zacarias de Goes,285                            13201800Protesto após 5 dias                                        000032
1                   000902692011248461-2356                   0000000000000002356900000000002               012356      08121100000000002920000000012N051211000000000000000010000000000000000000000000000000000000000000000113585685000127ASSESSORIA CARTORÁRIA LIMEIRA LTDA ME   Rua Senador Vergueiro ,788                          13480001Protesto após 5 dias                                        000033
1                   000902692011248461-2357                   0000000000000002357700000000002               012357      08121100000000326660000000012N0512110000000000000010900000000000000000000000000000000000000000000001112843480001743G7 ASSESSORIA E ORGANIZAÇÃO DE DOCUMENTRua Goiás,1332                                      86020410Protesto após 5 dias                                        000034
1                   000902692011248461-2358                   0000000000000002358500000000002               012358      08121100000000500000000000012N051211000000000000001670000000000000000000000000000000000000000000000114374798000146RAFAEL MROZINSKI ME                     Av. Rio Grande do Sul,193 S-Sala 02                 78455000Protesto após 5 dias                                        000035
1                   000902692011248461-2359                   0000000000000002359300000000002               012359      08121100000000500000000000012N051211000000000000001670000000000000000000000000000000000000000000000114140265000108JGMC SERVICOS ESPECIALIZADOS DE APOIO ADAvenida Nossa Senhora do Sabará,1348                04686001Protesto após 5 dias                                        000036
1                   000902692011248461-2360                   0000000000000002360700000000002               012360      08121100000000059300000000012N051211000000000000000200000000000000000000000000000000000000000000000111222886000134ELIDA ASSESSORIA EMPRESARIAL LTDA       R. Neo Alves Martins,2955-Sala 03                   87013060Protesto após 5 dias                                        000037
1                   000902692011248461-2361                   0000000000000002361500000000002               012361      08121100000000500000000000012N051211000000000000001670000000000000000000000000000000000000000000000114456232000163RENATA GLORIA DE ALMEIDA ME             Rua Juscelino K. de Oliveira,763                    37580000Protesto após 5 dias                                        000038
1                   000902692011248461-2362                   0000000000000002362300000000002               012362      08121100000000006000000000012N051211000000000000000020000000000000000000000000000000000000000000000113368243000129SUCESSO ASSESSORIA CARTORARIA LTDA - ME Av. Cula Mangabeira,744                             39400780Protesto após 5 dias                                        000039
1                   000902692011248461-2363                   0000000000000002363100000000002               012363      08121100000000085830000000012N051211000000000000000290000000000000000000000000000000000000000000000112837049000182TOWER NITEROI SERVIÇOS DE CARTÓRIO E CERRua Visconde de Sepetiba,935-Loja 134               24020206Protesto após 5 dias                                        000040
1                   000902692011248461-2364                   0000000000000002364P00000000002               012364      08121100000000030380000000012N051211000000000000000100000000000000000000000000000000000000000000000114380673000129IGUACU POSTAL LTDA ME                   Rua Dr. Barros Junior,272-Loja 05                   26210300Protesto após 5 dias                                        000041
1                   000902692011248461-2365                   0000000000000002365800000000002               012365      08121100000000377850000000012N051211000000000000001260000000000000000000000000000000000000000000000113133167000172MONARO & FRANCO SERVIÇOS ORGANIZACIONAISRua dos Marianos,132                                06016050Protesto após 5 dias                                        000042
1                   000902692011248461-2366                   0000000000000002366600000000002               012366      08121100000000007500000000012N051211000000000000000030000000000000000000000000000000000000000000000113622593000170VERA & MARIA SERVIÇOS E ASSESSORIA CARTORua Paraná,629                                      19900021Protesto após 5 dias                                        000043
1                   000902692011248461-2367                   0000000000000002367400000000002               012367      08121100000000500000000000012N051211000000000000001670000000000000000000000000000000000000000000000113969109000183CAVALCANTE & CRUZ INTERMEDIACAO CARTORARAv. Getulio Vargas,139                              58400052Protesto após 5 dias                                        000044
1                   000902692011248461-2368                   0000000000000002368200000000002               012368      08121100000000033000000000012N051211000000000000000110000000000000000000000000000000000000000000000113743219000122Valentim e Silva Serviços               Praça Antônio Dias,584                              38700110Protesto após 5 dias                                        000045
1                   000902692011248461-2369                   0000000000000002369000000000002               012369      08121100000000500000000000012N051211000000000000001670000000000000000000000000000000000000000000000126069567000108JPS SERVIÇOS LTDA ME                    Rua Apinajés,1100-Cj. 501                           05017000Protesto após 5 dias                                        000046
1                   000902692011248461-2370                   0000000000000002370400000000002               012370      08121100000000500000000000012N051211000000000000001670000000000000000000000000000000000000000000000113845551000106MACEDO & MELO INTERMEDIACOES CARTORARIASRua David Caldas,564-B                              64000190Protesto após 5 dias                                        000047
1                   000902692011248461-2371                   0000000000000002371200000000002               012371      08121100000000188060000000012N051211000000000000000630000000000000000000000000000000000000000000000111253279000131ANDRIETTA & PIVA LTDA                   R. Gov. Pedro de Toledo,569                         13400070Protesto após 5 dias                                        000048
1                   000902692011248461-2372                   0000000000000002372000000000002               012372      08121100000000007000000000012N051211000000000000000020000000000000000000000000000000000000000000000112462165000164Viviane Aparecida Henriques - EPP       Rua Rui Barbosa,164                                 19010260Protesto após 5 dias                                        000049
1                   000902692011248461-2373                   0000000000000002373900000000002               012373      08121100000000030400000000012N051211000000000000000100000000000000000000000000000000000000000000000111619454000161ASSESSORIA CARTORÁRIA DO NORDESTE LTDA  Av. Conselheiro Rosa e Silva,1460 -Sala             52020220Protesto após 5 dias                                        000050
1                   000902692011248461-2374                   0000000000000002374700000000002               012374      08121100000000063470000000012N051211000000000000000210000000000000000000000000000000000000000000000113800899000179TEIXEIRA CARREIRO INTERMEDIACAO CARTORARRua Luiz Pistarini,74-Loja E                        27542090Protesto após 5 dias                                        000051
1                   000902692011248461-2375                   0000000000000002375500000000002               012375      08121100000000369600000000012N051211000000000000001230000000000000000000000000000000000000000000000111675298000156MORANDO & MORANDO SERVIÇOS TRANSCRIÇÃO DRua Tibiriçá,189                                    14010090Protesto após 5 dias                                        000052
1                   000902692011248461-2376                   0000000000000002376300000000002               012376      08121100000001077320000000012N051211000000000000003590000000000000000000000000000000000000000000000111144435000126M&Z Documentos Cartorários Ltda         R. da Assembléia,10-Lj. Subsl. 112                  20011000Protesto após 5 dias                                        000053
1                   000902692011248461-2377                   0000000000000002377100000000002               012377      08121100000000003140000000012N051211000000000000000010000000000000000000000000000000000000000000000111777632000182CFN ASSESSORIA EM DOCUMENTOS LTDA       R Prefeito Carlos José Carlson,226-CJ 01            09450000Protesto após 5 dias                                        000054
1                   000902692011248461-2378                   0000000000000002378P00000000002               012378      08121100000000025310000000012N051211000000000000000080000000000000000000000000000000000000000000000113350598000190CP SERVIÇOS ADMINISTRATIVO LTDA - ME    Rua Arnaldo Estevão de Figueiredo,640               78700150Protesto após 5 dias                                        000055
1                   000902692011248461-2379                   0000000000000002379800000000002               012379      08121100000000054160000000012N051211000000000000000180000000000000000000000000000000000000000000000113576355000175NELSON CARLOS LEME                      Rua 9 de Julho,696                                  13320005Protesto após 5 dias                                        000056
1                   000902692011248461-2380                   0000000000000002380100000000002               012380      08121100000000097830000000012N051211000000000000000330000000000000000000000000000000000000000000000113098867000173ROMI & ZANATTA LTDA - ME                Rua Floriano Peixoto,692                            13450023Protesto após 5 dias                                        000057
1                   000902692011248461-2381                   0000000000000002381P00000000002               012381      08121100000000279400000000012N051211000000000000000930000000000000000000000000000000000000000000000108854020000131M.V. FRANZOSO – SOLUCOES EMPRESARIAIS – Rua Rio Branco,483                                  09710090Protesto após 5 dias                                        000058
1                   000902692011248461-2382                   0000000000000002382800000000002               012382      08121100000000051830000000012N051211000000000000000170000000000000000000000000000000000000000000000113821603000104SPEEDCART APOIO E SERVICOS ADMINISTRATIVRua Amazonas,156                                    09520060Protesto após 5 dias                                        000059
1                   000902692011248461-2383                   0000000000000002383600000000002               012383      08121100000000072370000000012N051211000000000000000240000000000000000000000000000000000000000000000113433192000171CONSULT SERVICE ASSESSORIA CARTORÁRIA LTRua Episcopal,1714-Loja 02                          13560570Protesto após 5 dias                                        000060
1                   000902692011248461-2384                   0000000000000002384400000000002               012384      08121100000000381280000000012N051211000000000000001270000000000000000000000000000000000000000000000111495482000114CATARINENSE ASSESSORIA CARTORÁRIA LTDA  Rua Antônio Scherer,465-Loja 3                      88102090Protesto após 5 dias                                        000061
1                   000902692011248461-2385                   0000000000000002385200000000002               012385      08121100000002277850000000012N051211000000000000007590000000000000000000000000000000000000000000000110906064000100MAIA SERVIÇOS ADMINISTRATIVOS LTDA      Rua Bernardino de Campos,3180-Loja 04 Ga            15015300Protesto após 5 dias                                        000062
1                   000902692011248461-2386                   0000000000000002386000000000002               012386      08121100000000601870000000012N051211000000000000002010000000000000000000000000000000000000000000000111165549000152D´ VASQUEZ SERVIÇOS CARTORARIOS LTDA - EAv. Dr. João Guilhermino,293                        12210131Protesto após 5 dias                                        000063
1                   000902692011248461-2387                   0000000000000002387900000000002               012387      08121100000000005850000000012N051211000000000000000020000000000000000000000000000000000000000000000114018734000102TEOF LTDA ME                            Rua Barão do Cerro Azul,1851 B                      83025140Protesto após 5 dias                                        000064
1                   000902692011248461-2388                   0000000000000002388700000000002               012388      08121100000000415150000000012N051211000000000000001380000000000000000000000000000000000000000000000111163439000151RF-SERVICOS DE DOCUMENTACAO LTDA.       Av. Mal. Castelo Branco,173-A                       65076090Protesto após 5 dias                                        000065
1                   000902692011248461-2389                   0000000000000002389500000000002               012389      08121100000000171550000000012N051211000000000000000570000000000000000000000000000000000000000000000110999668000148ASSESSORIA E CONSULTORIA DE DOCUMENTOS ER. Leopoldo Machado,242-Loja 02                     18035075Protesto após 5 dias                                        000066
1                   000902692011248461-2390                   0000000000000002390900000000002               012390      08121100000000510800000000012N051211000000000000001700000000000000000000000000000000000000000000000111029315000188SUZAN CART CERTIDOES LTDA - ME          Rua Gal. Francisco Glicério,1185                    08674003Protesto após 5 dias                                        000067
1                   000902692011248461-2391                   0000000000000002391700000000002               012391      08121100000000500000000000012N051211000000000000001670000000000000000000000000000000000000000000000114282003000170GIRA MUNDO INTERMEDIAÇÃO CARTORÁRIA LTDARua Tijuco Preto,278-Térreo                         03316000Protesto após 5 dias                                        000068
1                   000902692011248461-2392                   0000000000000002392500000000002               012392      08121100000000441450000000012N051211000000000000001470000000000000000000000000000000000000000000000111165549000233D´ VASQUEZ SERVIÇOS CARTORARIOS LTDA EPPRua Coronel Augusto Monteiro,650                    12020160Protesto após 5 dias                                        000069
1                   000902692011248461-2393                   0000000000000002393300000000002               012393      08121100000000067870000000012N051211000000000000000230000000000000000000000000000000000000000000000111349928000100MARTINS E AFONSO ASSESSORIA EMPRESARIAL Travessa Ranulfo Feo,36-Sala 106, Ed. Tu            25953650Protesto após 5 dias                                        000070
1                   000902692011248461-2394                   0000000000000002394100000000002               012394      08121100000000039000000000012N051211000000000000000130000000000000000000000000000000000000000000000110918131000106PROCART - PROCESSOS CARTORAIS LTDA      Rua Primeiro de Janeiro,35-Sala 101                 35180032Protesto após 5 dias                                        000071
1                   000902692011248461-2395                   0000000000000002395P00000000002               012395      08121100000000100150000000012N051211000000000000000330000000000000000000000000000000000000000000000113406670000154RODRIGUES E VIEIRA LTDA.                208 Sul AV. LO 03-LT 11, ED. VITORIA, Sa            77020542Protesto após 5 dias                                        000072
1                   000902692011248461-2396                   0000000000000002396800000000002               012396      08121100000000500000000000012N051211000000000000001670000000000000000000000000000000000000000000000114567761000134Cartório Postal - Uberaba - MG          Rua Coronel Manoel Borges, 321,321                  38010410Protesto após 5 dias                                        000073
1                   000902692011248461-2397                   0000000000000002397600000000002               012397      08121100000000614280000000012N051211000000000000002050000000000000000000000000000000000000000000000111834699000101REGIS ORLANDINI ASSESSORIA CARTORARIA LTAv. João Naves de Ávila,81                          38400600Protesto após 5 dias                                        000074
1                   000902692011248461-2398                   0000000000000002398400000000002               012398      08121100000000500000000000012N051211000000000000001670000000000000000000000000000000000000000000000108343505000160LUMARTHZ SOLUCOES ADMINISTRATIVAS LTDA -Rua Nove de Julho,430-Lj 03 - Galeria de            13280000Protesto após 5 dias                                        000075
1                   000902692011248461-2399                   0000000000000002399200000000002               012399      08121100000000281880000000012N051211000000000000000940000000000000000000000000000000000000000000000113372039000181De Paula & França Serviço Privado de IntAv. Nossa Senhora da Penha,235-Loja 03              29055050Protesto após 5 dias                                        000076
1                   000902692011248461-2400                   0000000000000002400P00000000002               012400      08121100000000038400000000012N051211000000000000000130000000000000000000000000000000000000000000000111479061000108ANDRADE SOARES LOPES LTDA               Rua Lehar David,05                                  45000445Protesto após 5 dias                                        000077
1                   000902692011248461-2291                   0000000000000002291000000000002               062291      12121100000010000000000000012N301111000000000000000000000000000000000000000000000000000000000000000100010056865805MIRIAN CRISTINA BATISTA ZANATA          RUA MARIA AGOSTINELLI, 105 - BL 02 - APT            22775046                                                            000078
1                   000902692011248461-2233                   0000000000000002233300000000002               022233      05121100000001379000000000012N171111120000000000010000000000000000000000000000000000000000000000000233479023000180CITIBANK RISK MANAGEMENT                Avenida Paulista, nº 1.111, 2º andar,1.1            01311920                                                            000079
9                                                                                                                                                                                                                                                                                                                                                                                                         000080