01REMESSA01COBRANCA       00000000000004130991SISTEMA DE CARTóRIO CERTIDõES 237BRADESCO       060611        MX0000379                                                                                                                                                                                                                                                                                     000001
1                   000902692011248461-860                    0000000000000000860800000000002               01860       13061100000000170000000000012N0306110000000000000005700000000000000000000000000000000000000000000002000000000813371 Banco do Brasil S.A.                  Rua Joaquim Nabuco ,246                             04621002                                                            000002
1                   000902692011248461-861                    0000000000000000861600000000002               01861       13061100000000148400000000012N030611000000000000000490000000000000000000000000000000000000000000000262232889000190Banco Daycoval S/A                      Avenida Paulista ,1793-02º Andar                    01311200                                                            000003
1                   000902692011248461-862                    0000000000000000862400000000002               01862       15061100000000375000000000012N030611000000000000001250000000000000000000000000000000000000000000000100070653097891CLEONICE PESTILLA                       Avenida Doutor Acyr Alves Leite,350-(Env            16310000                                                            000004
1                   000902692011248461-863                    0000000000000000863200000000002               01863       13061100000015000000000000012N030611120000000000000000000000000000000000000000000000000000000000000100003521819825MARCIA MARIA SANT´ANNA DOS SANTOS       RUA NICOLAU ARCHILA RODRIGUES, 20                   18051510                                                            000005
1                   000902692011248461-864                    0000000000000000864000000000002               01864       13061100000000035000000000012N030611000000000000000120000000000000000000000000000000000000000000000100061690368853Paulo Ponzetta                          Rua José Bonifácio ,278                             01003000                                                            000006
1                   000902692011248461-865                    0000000000000000865900000000002               01865       08061100000005000000000000012N030611120000000000000000000000000000000000000000000000000000000000000100003433865698Sidney Souto Brabosa                    Rua Niceu Lopes Silva, 184                          39401070                                                            000007
1                   000902692011248461-866                    0000000000000000866700000000002               01866       13061100000000156400000000012N030611000000000000000520000000000000000000000000000000000000000000000209263012000183Fundo de Investimento em Direitos CreditAvenida Paulista,1499-19º andar                     01311200                                                            000008
1                   000902692011248461-867                    0000000000000000867500000000002               01867       16061100000000139000000000012N060611000000000000000460000000000000000000000000000000000000000000000100018283438387JONAS RODRIGUES DE ARAUJO               Rua 14 (Cj Res Santa Marta),139                     61902150                                                            000009
1                   000902692011248461-427                    0000000000000000427000000000002               02427       15041100000000210000000000012N050411000000000000010000000000000000000000000000000000000000000000000200360305025441104 Caixa Econômica Federal             RUA: Joaquim Floriano, 446,446                      04534002                                                            000010
1                   000902692011248461-696                    0000000000000000696600000000002               02696       23051100000000078200000000012N110511000000000000010000000000000000000000000000000000000000000000000200360305025441104 Caixa Econômica Federal             RUA: Joaquim Floriano, ,446                         04534002                                                            000011
1                   000902692011248461-743                    0000000000000000743100000000002               02743       26051100000005000000000000012N190511000000000000000000000000000000000000000000000000000000000000000100003433865698Sidney Souto Brabosa                    Rua Niceu Lopes Silva, 184                          39401070                                                            000012
1                   000902692011248461-744                    0000000000000000744P00000000002               02744       27051100000005000000000000012N190511000000000000000000000000000000000000000000000000000000000000000100003433865698Sidney Souto Brabosa                    Rua Niceu Lopes Silva, 184                          39401070                                                            000013
9                                                                                                                                                                                                                                                                                                                                                                                                         000014