01REMESSA01COBRANCA       00000000000004130991SISTEMA DE CARTóRIO CERTIDõES 237BRADESCO       071211        MX0000479                                                                                                                                                                                                                                                                                     000001
1                   000902692011248461-2402                   0000000000000002402600000000002               012402      21121100000000600120000000012N061211000000000000000000000000000000000000000000000000000000000000000211222886000134ELIDA ASSESSORIA EMPRESARIAL LTDA       RUA NEO ALVES MARTINS, 2955 SL 03                   87013060                                                            000002
1                   000902692011248461-2403                   0000000000000002403400000000002               012403      15121100000005000000000000012N061211000000000000000000000000000000000000000000000000000000000000000100063282399120SIRLEY SANTOS NIEMIC                    RUA GOIAS, 1014 E                                   78250000                                                            000003
1                   000902692011248461-2404                   0000000000000002404200000000002               012404      19121100000000231200000000012N071211120000000000000770000000000000000000000000000000000000000000000100017683448842LUIS MARTINS NETTO                      Rua Barão de Ladário,670-Sl. 404                    03010000                                                            000004
1                   000902692011248461-2405                   0000000000000002405000000000002               012405      19121100000000219970000000012N071211120000000000000730000000000000000000000000000000000000000000000250533876000171Panamericano Administradora de ConsórcioAv Paulista , 2.240                                 01303010                                                            000005
1                   000902692011248461-2406                   0000000000000002406900000000002               012406      19121100000000100000000000012N071211120000000000000330000000000000000000000000000000000000000000000253283180000122Tesheiner Cavassani e Giacomazi AdvogadoRua João Adolfo,118-Conj. 405                       01050020                                                            000006
1                   000902692011248461-2407                   0000000000000002407700000000002               012407      19121100000000328530000000012N071211120000000000001100000000000000000000000000000000000000000000000253283180000122Tesheiner Cavassani e Giacomazi AdvogadoRua João Adolfo,118-Conj. 405                       01050020                                                            000007
1                   000902692011248461-2408                   0000000000000002408500000000002               012408      19121100000000311800000000012N071211120000000000001040000000000000000000000000000000000000000000000253283180000122Tesheiner Cavassani e Giacomazi AdvogadoRua João Adolfo,118-Conj. 405                       01050020                                                            000008
1                   000902692011248461-2409                   0000000000000002409300000000002               012409      19121100000000560000000000012N071211120000000000001870000000000000000000000000000000000000000000000262232889000190Banco Daycoval S/A                      Avenida Paulista,1793-02º Andar                     01311200                                                            000009
1                   000902692011248461-2410                   0000000000000002410700000000002               012410      19121100000000560000000000012N071211120000000000001870000000000000000000000000000000000000000000000262232889000190Banco Daycoval S/A                      Avenida Paulista ,1793-02º Andar                    01311200                                                            000010
1                   000902692011248461-2411                   0000000000000002411500000000002               012411      19121100000000280000000000012N071211120000000000000930000000000000000000000000000000000000000000000262232889000190Banco Daycoval S/A                      Avenida Paulista ,1793-02º Andar                    01311200                                                            000011
1                   000902692011248461-2412                   0000000000000002412300000000002               012412      19121100000000192000000000012N071211120000000000000640000000000000000000000000000000000000000000000262232889000190Banco Daycoval S/A                      Avenida Paulista ,1793-02º Andar                    01311200                                                            000012
1                   000902692011248461-2413                   0000000000000002413100000000002               012413      19121100000000170000000000012N071211120000000000000570000000000000000000000000000000000000000000000209624793000194BIANCHINI SOCIEDADE DE ADVOGADOS        Avenida Pedroso de Morais,2315                      05419001                                                            000013
1                   000902692011248461-2396                   0000000000000002396800000000002               022396      08121100000000500000000000012N051211000000000000010000000000000000000000000000000000000000000000000114567761000134Cartório Postal - Uberaba - MG          Rua Coronel Manoel Borges, 321,321                  38010410Protesto após 5 dias                                        000014
1                   000902692011248461-2146                   0000000000000002146900000000002               022146      21111100000000608000000000012N041111120000000000010000000000000000000000000000000000000000000000000233479023000180BANCO CITIBANK S.A                      Avenida Paulista,,1.111-2º andar                    01311920                                                            000015
1                   000902692011248461-2148                   0000000000000002148500000000002               022148      21111100000000400000000000012N041111120000000000010000000000000000000000000000000000000000000000000233479023000180BANCO CITIBANK S.A                      Avenida Paulista,,1.111-2º andar                    01311920                                                            000016
9                                                                                                                                                                                                                                                                                                                                                                                                         000017