01REMESSA01COBRANCA       00000000000004130991SISTEMA DE CARTóRIO CERTIDõES 237BRADESCO       070611        MX0000380                                                                                                                                                                                                                                                                                     000001
1                   000902692011248461-868                    0000000000000000868300000000002               01868       16061100000000070000000000012N060611000000000000000230000000000000000000000000000000000000000000000210377191000169ACM  Legalizações Empresariais Ltda. - MAvenida Capitão Mário Toledo de Camargo,            09170150                                                            000002
1                   000902692011248461-869                    0000000000000000869100000000002               01869       16061100000000510000000000012N060611000000000000001700000000000000000000000000000000000000000000000200360305202327104 Caixa Econômica Federal             PRAÇA DR RENATO DELLA TOGNA,35                      08940000                                                            000003
1                   000902692011248461-870                    0000000000000000870500000000002               01870       16061100000000179000000000012N060611000000000000000600000000000000000000000000000000000000000000000100025265828818ADENILTON JESUS DOS SANTOS              Rua Congonhas,97                                    06864540                                                            000004
1                   000902692011248461-871                    0000000000000000871300000000002               01871       16061100000000030000000000012N060611000000000000000100000000000000000000000000000000000000000000000100012880550807EDMAR XAVIER TELES                      Avenida Ragueb Chohfi,7903-Prox. ao Supe            08375000                                                            000005
1                   000902692011248461-872                    0000000000000000872100000000002               01872       17061100000000266650000000012N070611000000000000000890000000000000000000000000000000000000000000000209016632000118TORI BY LAVITA CONFECCOES DE ROUPAS LTDARua Casimiro de Abreu ,357                          03013001                                                            000006
1                   000902692011248461-873                    0000000000000000873P00000000002               01873       17061100000000340000000000012N070611000000000000001130000000000000000000000000000000000000000000000209263012000183Fundo de Investimento em Direitos CreditAvenida Paulista,1499-19º andar                     01311200                                                            000007
1                   000902692011248461-874                    0000000000000000874800000000002               01874       17061100000000142000000000012N070611000000000000000470000000000000000000000000000000000000000000000100011261630823MARIA APARECIDA DE OLIVEIRA             Avenida dos Ipês,474                                08161000                                                            000008
1                   000902692011248461-875                    0000000000000000875600000000002               01875       17061100000000238000000000012N070611000000000000000790000000000000000000000000000000000000000000000100018519342353ANTONIO PENHA DE OLIVEIRA FILHO         Avenida Antonio de Sales Penteado,67                00000000                                                            000009
1                   000902692011248461-876                    0000000000000000876400000000002               01876       17061100000000144000000000012N070611000000000000000480000000000000000000000000000000000000000000000100023471532854MARIA CICERA DOS SANTOS                 Avenida Manoel Isidoro Martins,100                  07132280                                                            000010
1                   000902692011248461-877                    0000000000000000877200000000002               01877       17061100000000076000000000012N070611000000000000000250000000000000000000000000000000000000000000000200360305267887104 Caixa Econômica Federal             Rua São Joaquim ,69-5º andar                        01508001                                                            000011
9                                                                                                                                                                                                                                                                                                                                                                                                         000012