01REMESSA01COBRANCA       00000000000004130991SISTEMA DE CARTóRIO CERTIDõES 237BRADESCO       070411        MX0000343                                                                                                                                                                                                                                                                                     000001
1                   000902692011248461-424                    0000000000000000424600000000002               01424       15041100000000200000000000012N050411000000000000000670000000000000000000000000000000000000000000000200360305289937104 Caixa Econômica Federal             Avenida Brigadeiro Luís Antônio ,580                01318000                                                            000002
1                   000902692011248461-425                    0000000000000000425400000000002               01425       15041100000000560000000000012N050411000000000000001870000000000000000000000000000000000000000000000200360305267887104 Caixa Econômica Federal             Rua São Joaquim ,69-5º andar                        01508001                                                            000003
1                   000902692011248461-426                    0000000000000000426200000000002               01426       15041100000000210000000000012N050411000000000000000700000000000000000000000000000000000000000000000200360305160810104 Caixa Econômica Federal             Rua Antônio Bernardo Coutinho, 149,149              06013050                                                            000004
1                   000902692011248461-427                    0000000000000000427000000000002               01427       15041100000000210000000000012N050411000000000000000700000000000000000000000000000000000000000000000200360305025441104 Caixa Econômica Federal             RUA: Joaquim Floriano, 446,446                      04534002                                                            000005
1                   000902692011248461-428                    0000000000000000428900000000002               01428       15041100000000973080000000012N050411000000000000003240000000000000000000000000000000000000000000000200360305403730104 Caixa Econômica Federal             Praça Giovani Breda,1916                            09850310                                                            000006
1                   000902692011248461-429                    0000000000000000429700000000002               01429       15041100000000200000000000012N050411000000000000000670000000000000000000000000000000000000000000000243830777000196TEXTI ROSATEXINDUSTRIA ECOMERCIOLTDA.EPPRua Barão de Ladário,861                            03010000                                                            000007
1                   000902692011248461-430                    0000000000000000430000000000002               01430       15041100000000040000000000012N0504110000000000000001300000000000000000000000000000000000000000000002000000000813371 Banco do Brasil S.A.                  Rua Joaquim Nabuco ,246                             04621002                                                            000008
1                   000902692011248461-431                    0000000000000000431900000000002               01431       15041100000001152450000000012N050411000000000000003840000000000000000000000000000000000000000000000210520568000197Hesa 74 - Investimentos Imobiliarios LTDAv. Voluntario Fernando P. Franco, 515              08710500                                                            000009
1                   000902692011248461-432                    0000000000000000432700000000002               01432       15041100000000029000000000012N050411000000000000000100000000000000000000000000000000000000000000000210377191000169ACM  Legalizações Empresariais Ltda. - MAvenida Capitão Mário Toledo de Camargo,            09170150                                                            000010
1                   000902692011248461-433                    0000000000000000433500000000002               01433       16041100000000100000000000012N060411000000000000000330000000000000000000000000000000000000000000000200360305025441104 Caixa Econômica Federal             Rua Joaquim Floriano ,446                           04534002                                                            000011
1                   000902692011248461-434                    0000000000000000434300000000002               01434       16041100000000090000000000012N060411000000000000000300000000000000000000000000000000000000000000000205888414000112CREAÇÕES MX FASHION LIMITADA            Rua Aimorés - lado par,210                          01122010                                                            000012
1                   000902692011248461-435                    0000000000000000435100000000002               01435       16041100000000047550000000012N060411000000000000000160000000000000000000000000000000000000000000000200360305159804104 Caixa Econômica Federal             Avenida de Pinedo ,228                              04764000                                                            000013
1                   000902692011248461-436                    0000000000000000436P00000000002               01436       16041100000000029000000000012N060411000000000000000100000000000000000000000000000000000000000000000210377191000169ACM  Legalizações Empresariais Ltda. - MAvenida Capitão Mário Toledo de Camargo,            09170150                                                            000014
1                   000902692011248461-437                    0000000000000000437800000000002               01437       17041100000000082000000000012N070411000000000000000270000000000000000000000000000000000000000000000100043448324850DAVID WENG YEON NG                      Avenida Conselheiro Carrão ,2493-Apto. 0            03403002                                                            000015
1                   000902692011248461-438                    0000000000000000438600000000002               01438       17041100000000092000000000012N070411000000000000000310000000000000000000000000000000000000000000000100014724244844JOANA ANTONIA PEREIRA                   Rua Alto da Alegria,73                              04859360                                                            000016
1                   000902692011248461-439                    0000000000000000439400000000002               01439       17041100000000119000000000012N070411000000000000000400000000000000000000000000000000000000000000000201701201034164399 HSBC Bank Brasil S.A. - Banco MultipAvenida Mateo Bei ,3058                             03949010                                                            000017
1                   000902692011248461-440                    0000000000000000440800000000002               01440       17041100000000286000000000012N070411000000000000000950000000000000000000000000000000000000000000000201701201033788399 HSBC Bank Brasil S.A. - Banco MultipAvenida Doutor Vital Brasil ,214/216                05503000                                                            000018
1                   000902692011248461-441                    0000000000000000441600000000002               01441       17041100000000100000000000012N070411000000000000000330000000000000000000000000000000000000000000000203586507000167J. A. Rezende Advogados Associados      Rua: Libero Badaró, ,471-17° Andar                  01009903                                                            000019
1                   000902692011248461-442                    0000000000000000442400000000002               01442       17041100000000535000000000012N070411060500000000000000000000000000000000000000000000000000000000000250533876000171Panamericano Administradora de ConsorcioAV PAULISTA, 2240 SÃO PAULO SP                      01310300                                                            000020
1                   000902692011248461-443                    0000000000000000443200000000002               01443       17041100000000300000000000012N070411000000000000001000000000000000000000000000000000000000000000000203586507000167J. A. Rezende Advogados Associados      Rua: Libero Badaró, ,471-17° Andar                  01009903                                                            000021
1                   000902692011248461-444                    0000000000000000444000000000002               01444       17041100000000498880000000012N070411060500000000000000000000000000000000000000000000000000000000000259285411000113BANCO PANAMERICANO SA                   AV PAULISTA, 2240 SÃO PAULO SP                      01310300                                                            000022
1                   000902692011248461-445                    0000000000000000445900000000002               01445       17041100000000198200000000012N070411000000000000000660000000000000000000000000000000000000000000000200360305025441104 Caixa Econômica Federal             RUA: Joaquim Floriano, 446,446                      04534002                                                            000023
1                   000902692011248461-446                    0000000000000000446700000000002               01446       17041100000000100000000000012N070411000000000000000330000000000000000000000000000000000000000000000203586507000167J. A. Rezende advogados associados      Rua: Libero Badaró, ,471-17° ANDAR                  01009903                                                            000024
1                   000902692011248461-447                    0000000000000000447500000000002               01447       17041100000000100000000000012N070411000000000000000330000000000000000000000000000000000000000000000203586507000167J. A. Rezende Advogados Associados      Rua: Libero Badaró, ,471-17° Andar                  01009903                                                            000025
1                   000902692011248461-448                    0000000000000000448300000000002               01448       17041100000000304030000000012N070411060500000000000000000000000000000000000000000000000000000000000200268228700102BANCO PANAMERICANO SA                   Av Paulista 2.240 - São Paulo -SP                   01310300                                                            000026
1                   000902692011248461-449                    0000000000000000449100000000002               01449       17041100000000788000000000012N070411000000000000002630000000000000000000000000000000000000000000000200360305181656104 Caixa Econômica Federal             Avenida Santo Amaro ,7237                           04701200                                                            000027
1                   000902692011248461-450                    0000000000000000450500000000002               01450       14041100000010537150000000012N070411000000000000035120000000000000000000000000000000000000000000000292894922000108BANCO MATONE (Núcleo Consignado RJ - MatAvenida Rio Branco,80-8º  e 9º andar                20040070                                                            000028
1                   000902692011248461-451                    0000000000000000451300000000002               01451       17041100000000296800000000012N070411000000000000000990000000000000000000000000000000000000000000000203723171000137E Cunha Consultoria Empresarial Ltda.   Rua Nova York ,959-conj. 52                         04560002                                                            000029
1                   000902692011248461-452                    0000000000000000452100000000002               01452       17041100000000085600000000012N070411000000000000000290000000000000000000000000000000000000000000000200360305267887104 Caixa Econômica Federal             Rua São Joaquim ,69-5º andar                        01508001                                                            000030
1                   000902692011248461-453                    0000000000000000453P00000000002               01453       08041100000020000000000000012N070411060500000000000000000000000000000000000000000000000000000000000100003103794827Rita Maria Gaona                        Av. Professor João Fiusa, 2161 - apto 44            14024250                                                            000031
1                   000902692011248461-454                    0000000000000000454800000000002               01454       08041100000020000000000000012N070411060500000000000000000000000000000000000000000000000000000000000100031076131859Rodrigo de Melo Alvarenga               Rua Barão do Amazonas, 1167 apto 111                14010120                                                            000032
1                   000902692011248461-30                     0000000000000000030500000000002               0230        08021100000000165470000000012N020211000000000000010000000000000000000000000000000000000000000000000108854020000131M.V. FRANZOSO – SOLUCOES EMPRESARIAIS – Rua Rio Branco,483                                  09710090                                                            000033
9                                                                                                                                                                                                                                                                                                                                                                                                         000034