01REMESSA01COBRANCA       00000000269211124846SISTEMA DE CARTóRIO CERTIDõES 237BRADESCO       070211        MX0000314                                                                                                                                                                                                                                                                                     000001
1                   000902692011248461-1                      0000000000000000001100000000002               011         08021100000000015500000000012N010211000000000000010000000000000000000000000000000000000000000000000111838860000115M.L. CARDOSO - PRESTAÇÃO DE SERVIÇOS - ERua Luiz Pereira Barreto,304                        16010320                                                            000002
1                   000902692011248461-2                      0000000000000000002P00000000002               012         08021100000000075270000000012N010211000000000000010000000000000000000000000000000000000000000000000111864024000105AGICART - SERVIÇOS DOCUMENTALISTAS INTERRua Afonso Pena,5-47                                17060250                                                            000003
1                   000902692011248461-3                      0000000000000000003800000000002               013         08021100000000048630000000012N010211000000000000010000000000000000000000000000000000000000000000000111564744000155SARAIVA´S CONSULTORIA EMPRESARIAL LTDA  Rua Prefeito José Santana Trigueiro,183             32604188                                                            000004
1                   000902692011248461-4                      0000000000000000004600000000002               014         08021100000002000000000000012N010211000000000000010000000000000000000000000000000000000000000000000112196193000187BR ASSESSORIA CARTORARIA LTDA           CLSW,101-Bloco C, Loja 73                           70670503                                                            000005
1                   000902692011248461-5                      0000000000000000005400000000002               015         08021100000001500000000000012N010211000000000000010000000000000000000000000000000000000000000000000111218990000155MARQUES & MARTINS SERVIÇOS LTDA - ME    Av. Gal. Flores da Cunha,393-Loja 01                94910000                                                            000006
1                   000902692011248461-6                      0000000000000000006200000000002               016         08021100000000554140000000012N010211000000000000010000000000000000000000000000000000000000000000000111067223000192REIS & CONDE LTDA                       R. Dr. Antônio Alvares Lobo,226                     13020110                                                            000007
1                   000902692011248461-7                      0000000000000000007000000000002               017         08021100000000010500000000012N010211000000000000010000000000000000000000000000000000000000000000000111198466000160GOMES & KUNCEVICIUS LTDA ME             Rua Prisciliana de Castilho,374-Sala 06             11660330                                                            000008
1                   000902692011248461-8                      0000000000000000008900000000002               018         08021100000000003000000000012N010211000000000000010000000000000000000000000000000000000000000000000111569240000128FLECK ASSESSORIA ADMINISTRATIVA LTDA    Avenida Tancredo Neves,385                          85805000                                                            000009
1                   000902692011248461-9                      0000000000000000009700000000002               019         08021100000000105000000000012N010211000000000000010000000000000000000000000000000000000000000000000111245100000102MC PRESTADORA DE SERVIÇOS ADMINISTRATIVORua Marechal José B. Bormann,164 E-Sala             89802120                                                            000010
1                   000902692011248461-10                     0000000000000000010000000000002               0110        08021100000000032650000000012N010211000000000000010000000000000000000000000000000000000000000000000112632803000148RUBIANA SERVIÇOS DE CARTORIO, CERTIDÕES Rua das Esmeraldas,186                              09920520                                                            000011
1                   000902692011248461-11                     0000000000000000011900000000002               0111        08021100000000040450000000012N010211000000000000010000000000000000000000000000000000000000000000000112349493000159CAVALHEIRO ZANCHETA ASSESSORIA CARTORÁRIRua Onofre Pereira de Matos,1722-Centro             79802010                                                            000012
1                   000902692011248461-12                     0000000000000000012700000000002               0112        08021100000000104100000000012N010211000000000000010000000000000000000000000000000000000000000000000108289469000102RGC SERVIÇOS E CONSULTORIA LTDA         Av. Barão de Cotegipe,1088-Sala 100                 44001170                                                            000013
1                   000902692011248461-13                     0000000000000000013500000000002               0113        08021100000000011940000000012N010211000000000000010000000000000000000000000000000000000000000000000111425891000144MHG SERVIÇOS ADMINISTRATIVOS EMPRESAS LTR. T 55,156-Quadra H 23 - Lote 01                   74150320                                                            000014
1                   000902692011248461-14                     0000000000000000014300000000002               0114        08021100000000359200000000012N010211000000000000010000000000000000000000000000000000000000000000000110946715000195BASA SERVICOS EM CARTORIOS LTDA - ME    R. Luiz Faccine,404                                 07110000                                                            000015
1                   000902692011248461-15                     0000000000000000015100000000002               0115        08021100000000003510000000012N010211000000000000010000000000000000000000000000000000000000000000000111296594000146CML - CENTRAL DE MULTISERVIÇOS LTDA     Av. Conde Ribeiro do Valle,302 A                    37800000                                                            000016
1                   000902692011248461-16                     0000000000000000016P00000000002               0116        08021100000000132290000000012N010211000000000000010000000000000000000000000000000000000000000000000112162069000109GODOI & GODOY ASSESSORIA CARTORARIA LTDAAv. Francisco de Paula Leite,1699                   13344325                                                            000017
1                   000902692011248461-17                     0000000000000000017800000000002               0117        08021100000000700000000000012N020211000000000000010000000000000000000000000000000000000000000000000112354736000147SANTOS HAVELANGE ASSESSORIA CARTORÁRIA LRua Adolfo Maron,28-ANDAR 1                         45600002                                                            000018
1                   000902692011248461-18                     0000000000000000018600000000002               0118        08021100000000056120000000012N020211000000000000010000000000000000000000000000000000000000000000000112443155000181ASSESSORIA E CONSULTORIA CARTORARIA DE DRua Santa Cruz,652                                  13300090                                                            000019
1                   000902692011248461-19                     0000000000000000019400000000002               0119        08021100000000058830000000012N020211000000000000010000000000000000000000000000000000000000000000000112572498000146Alphacentral Documentos e Serviços LTDA Rua Zacarias de Goes,285                            13201800                                                            000020
1                   000902692011248461-20                     0000000000000000020800000000002               0120        08021100000001000000000000012N020211000000000000010000000000000000000000000000000000000000000000000111425648000126D. QUADRO SISTEMAS DECUMENTAIS LTDA     Av. Senador Alberto Pasqualini,151-Sala             95900000                                                            000021
1                   000902692011248461-21                     0000000000000000021600000000002               0121        08021100000000041500000000012N020211000000000000010000000000000000000000000000000000000000000000000111619454000161ASSESSORIA CARTORÁRIA DO NORDESTE LTDA  Av. Moreira e Silva,821A                            57051500                                                            000022
1                   000902692011248461-22                     0000000000000000022400000000002               0122        08021100000000048470000000012N020211000000000000010000000000000000000000000000000000000000000000000111222886000134ELIDA ASSESSORIA EMPRESARIAL LTDA       R. Neo Alves Martins,2955-Sala 03                   87013060                                                            000023
1                   000902692011248461-23                     0000000000000000023200000000002               0123        08021100000001000000000000012N020211000000000000010000000000000000000000000000000000000000000000000111253122000106AA ASSESSORIA & SERVIÇOS EMPRESARIAIS LTRua São João,454                                    15400000                                                            000024
1                   000902692011248461-24                     0000000000000000024000000000002               0124        08021100000000126530000000012N020211000000000000010000000000000000000000000000000000000000000000000111253279000131ANDRIETTA & PIVA LTDA                   R. Gov. Pedro de Toledo,569                         13400070                                                            000025
1                   000902692011248461-25                     0000000000000000025900000000002               0125        08021100000000272990000000012N020211000000000000010000000000000000000000000000000000000000000000000106058057000128CTPOST SERVIÇOS LTDA ME                 Rua Dr. Flores,263/503                              90020122                                                            000026
1                   000902692011248461-26                     0000000000000000026700000000002               0126        08021100000000098610000000012N020211000000000000010000000000000000000000000000000000000000000000000112462165000164Viviane Aparecida Henriques - EPP       Rua Rui Barbosa,164                                 19010260                                                            000027
1                   000902692011248461-27                     0000000000000000027500000000002               0127        08021100000000306560000000012N020211000000000000010000000000000000000000000000000000000000000000000111144435000126PATRÍCIO DOCUMENTOS CARTORARIOS LTDA ME R. da Assembléia,10-Lj. Subsl. 112                  20011000                                                            000028
1                   000902692011248461-28                     0000000000000000028300000000002               0128        08021100000000037800000000012N020211000000000000010000000000000000000000000000000000000000000000000111777632000182CFN ASSESSORIA EM DOCUMENTOS LTDA       R Prefeito Carlos José Carlson,226-CJ 01            09450000                                                            000029
1                   000902692011248461-29                     0000000000000000029100000000002               0129        08021100000001000000000000012N020211000000000000010000000000000000000000000000000000000000000000000111419746000150AMA - ESTRUTURA CARTORAL LTDA - EPP     R. das Alfazemas,752-Loja 01 e 28 Shoppi            41820710                                                            000030
1                   000902692011248461-30                     0000000000000000030500000000002               0130        08021100000000165470000000012N020211000000000000010000000000000000000000000000000000000000000000000108854020000131M.V. FRANZOSO – SOLUCOES EMPRESARIAIS – Rua Rio Branco,483                                  09710090                                                            000031
1                   000902692011248461-31                     0000000000000000031300000000002               0131        08021100000000313870000000012N020211000000000000010000000000000000000000000000000000000000000000000111495482000114CATARINENSE ASSESSORIA CARTORÁRIA LTDA  Rua Antônio Scherer,465-Loja 3                      88102090                                                            000032
1                   000902692011248461-32                     0000000000000000032100000000002               0132        08021100000002628480000000012N020211000000000000010000000000000000000000000000000000000000000000000110906064000100MAIA SERVIÇOS ADMINISTRATIVOS LTDA      Rua Bernardino de Campos,3180-Loja 04 Ga            15015300                                                            000033
1                   000902692011248461-33                     0000000000000000033P00000000002               0133        08021100000000488860000000012N020211000000000000010000000000000000000000000000000000000000000000000111165549000152D´ VASQUEZ SERVIÇOS CARTORARIOS LTDA - EAv. Dr. João Guilhermino,293                        12210131                                                            000034
1                   000902692011248461-34                     0000000000000000034800000000002               0134        08021100000001106820000000012N020211000000000000010000000000000000000000000000000000000000000000000111163439000151RF-SERVICOS DE DOCUMENTACAO LTDA.       Av. Mal. Castelo Branco,173-A                       65076090                                                            000035
1                   000902692011248461-35                     0000000000000000035600000000002               0135        08021100000000043380000000012N020211000000000000010000000000000000000000000000000000000000000000000112027250000102MT ASSESSORIA CARTORARIA LTDA - EPP     Avenida Nossa Senhora Aparecida,918                 14177055                                                            000036
1                   000902692011248461-36                     0000000000000000036400000000002               0136        08021100000001200000000000012N020211000000000000010000000000000000000000000000000000000000000000000111949163000131GISELLE PASSOS MORAIS ME                Loteamento Encanto das Árvores  ,QD C20,            43700000                                                            000037
1                   000902692011248461-37                     0000000000000000037200000000002               0137        08021100000000388360000000012N020211000000000000010000000000000000000000000000000000000000000000000110999668000148ASSESSORIA E CONSULTORIA DE DOCUMENTOS ER. Leopoldo Machado,242-Loja 02                     18035075                                                            000038
1                   000902692011248461-38                     0000000000000000038000000000002               0138        08021100000000006780000000012N020211000000000000010000000000000000000000000000000000000000000000000151915072000108Associação Comercial, Industrial e AgropRua Antônio Jorge Chebab,1212                       13170005                                                            000039
1                   000902692011248461-39                     0000000000000000039900000000002               0139        08021100000000363700000000012N020211000000000000010000000000000000000000000000000000000000000000000111029315000188SUZAN CART CERTIDOES LTDA - ME          Rua Gal. Francisco Glicério,1185                    08674003                                                            000040
1                   000902692011248461-40                     0000000000000000040200000000002               0140        08021100000000094200000000012N020211000000000000010000000000000000000000000000000000000000000000000111165549000233D´ VASQUEZ SERVIÇOS CARTORARIOS LTDA EPPRua Coronel Augusto Monteiro,650                    12020160                                                            000041
1                   000902692011248461-41                     0000000000000000041000000000002               0141        08021100000000113870000000012N020211000000000000010000000000000000000000000000000000000000000000000111349928000100MARTINS E AFONSO ASSESSORIA EMPRESARIAL Travessa Ranulfo Feo,71                             25953000                                                            000042
1                   000902692011248461-42                     0000000000000000042900000000002               0142        08021100000000037500000000012N020211000000000000010000000000000000000000000000000000000000000000000110918131000106PROCART - PROCESSOS CARTORAIS LTDA      Rua Primeiro de Janeiro,35-Sala 101                 35180032                                                            000043
1                   000902692011248461-43                     0000000000000000043700000000002               0143        08021100000002000000000000012N020211000000000000010000000000000000000000000000000000000000000000000111834699000101REGIS ORLANDINI ASSESSORIA CARTORARIA LTAv. João Naves de Ávila,81                          38400600                                                            000044
1                   000902692011248461-44                     0000000000000000044500000000002               0144        08021100000002000000000000012N020211000000000000010000000000000000000000000000000000000000000000000111479061000108ANDRADE SOARES LOPES LTDA               Rua Lehar David,05                                  45000445                                                            000045
9                                                                                                                                                                                                                                                                                                                                                                                                         000046