01REMESSA01COBRANCA       00000000000004130991SISTEMA DE CARTÛRIO CERTIDıES 237BRADESCO       071111        MX0000466                                                                                                                                                                                                                                                                                     000001
1                   000902692011248461-2148                   0000000000000002148500000000002               012148      21111100000000400000000000012N041111120000000000001330000000000000000000000000000000000000000000000233479023000180BANCO CITIBANK S.A                      Avenida Paulista,,1.111-2∫ andar                    01311920                                                            000002
1                   000902692011248461-2149                   0000000000000002149300000000002               012149      14111100000000663250000000012N041111120000000000002210000000000000000000000000000000000000000000000212551876000105GOULART SOCIEDADE DE ADVOGADOS          Rua Jo„o Cachoeira,488-Conjunto 408/409             04535011                                                            000003
1                   000902692011248461-2150                   0000000000000002150700000000002               012150      14111100000000630000000000012N041111120000000000002100000000000000000000000000000000000000000000000207523097000166BERNARDI&SCHNAPP ADVOGADOS              Bela Cintra, 1149 ,1149-12∫ andar                   14150001                                                            000004
1                   000902692011248461-2151                   0000000000000002151500000000002               012151      17111100000000350220000000012N071111120000000000001170000000000000000000000000000000000000000000000253283180000122Tesheiner Cavassani e Giacomazi AdvogadoRua Jo„o Adolfo,118-Conj. 405                       01050020                                                            000005
1                   000902692011248461-2152                   0000000000000002152300000000002               012152      17111100000000307970000000012N071111120000000000001030000000000000000000000000000000000000000000000253283180000122Tesheiner Cavassani e Giacomazi AdvogadoRua Jo„o Adolfo,118-Conj. 405                       01050020                                                            000006
1                   000902692011248461-2153                   0000000000000002153100000000002               012153      10111100000016000000000000012N071111000000000000000000000000000000000000000000000000000000000000000100010056865805MIRIAN CRISTINA BATISTA ZANATA          RUA MARIA AGOSTINELLI, 105 - BL 02 - APT            22775046                                                            000007
1                   000902692011248461-2154                   0000000000000002154P00000000002               012154      17111100000000345000000000012N071111120000000000001150000000000000000000000000000000000000000000000203723171000137E Cunha Consultoria Empresarial Ltda.   Rua Nova York,959                                   04560002                                                            000008
1                   000902692011248461-2034                   0000000000000002034900000000002               022034      15121100000015000000000000012N311011000000000000000000000000000000000000000000000000000000000000000100063453428234THAIS VIVIANE AMORIM FONSECA            AV. ATAIDE TEIVE, 1433                              69304360                                                            000009
1                   000902692011248461-2035                   0000000000000002035700000000002               022035      15011200000015000000000000012N311011000000000000000000000000000000000000000000000000000000000000000100063453428234THAIS VIVIANE AMORIM FONSECA            AV. ATAIDE TEIVE, 1433                              69304360                                                            000010
1                   000902692011248461-1990                   0000000000000001990100000000002               021990      26101100000016000000000000012N251011000000000000000000000000000000000000000000000000000000000000000100010056865805MIRIAN CRISTINA BATISTA ZANATA          RUA MARIA AGOSTINELLI, 105 - BL 02 - APT            22775046                                                            000011
1                   000902692011248461-2022                   0000000000000002022500000000002               062022      17111100000000132000000000012N271011120000000000010000000000000000000000000000000000000000000000000100057771081991DONIZETE APARECIDA RAMALHO              RUA JOSE CAMPANELLA. 95                             07112971                                                            000012
1                   000902692011248461-2023                   0000000000000002023300000000002               062023      17111100000000090000000000012N271011120000000000010000000000000000000000000000000000000000000000000100033754357972ANTONIO ROSENO DA SILVA                 RUA JOSE CAMPANELLA. 95                             07112971                                                            000013
1                   000902692011248461-2017                   0000000000000002017900000000002               062017      14111100000000100000000000012N271011120000000000010000000000000000000000000000000000000000000000000253283180000122Tesheiner Cavassani e Giacomazi AdvogadoRua Jo„o Adolfo,118-Conj. 405                       01050020                                                            000014
1                   000902692011248461-2016                   0000000000000002016000000000002               062016      14111100000000100000000000012N271011120000000000010000000000000000000000000000000000000000000000000253283180000122Tesheiner Cavassani e Giacomazi AdvogadoRua Jo„o Adolfo,118-Conj. 405                       01050020                                                            000015
1                   000902692011248461-1988                   0000000000000001988P00000000002               061988      14111100000000180000000000012N241011120000000000010000000000000000000000000000000000000000000000000253283180000122Tesheiner Cavassani e Giacomazi AdvogadoRua Jo„o Adolfo,118-Conj. 405                       01050020                                                            000016
1                   000902692011248461-1993                   0000000000000001993600000000002               061993      14111100000000623230000000012N251011120000000000010000000000000000000000000000000000000000000000000253283180000122Tesheiner Cavassani e Giacomazi AdvogadoRua Jo„o Adolfo,118-Conj. 405                       01050020                                                            000017
9                                                                                                                                                                                                                                                                                                                                                                                                         000018