01REMESSA01COBRANCA       00000000000004130991SISTEMA DE CARTóRIO CERTIDõES 237BRADESCO       080611        MX0000381                                                                                                                                                                                                                                                                                     000001
1                   000902692011248461-878                    0000000000000000878000000000002               01878       17061100000000030000000000012N070611000000000000000100000000000000000000000000000000000000000000000201190978000126ITALIA COMERCIAL TEXTIL LTDA ME         Rua Almirante Barroso,308                           03025000                                                            000002
1                   000902692011248461-879                    0000000000000000879900000000002               01879       17061100000000400000000000012N070611000000000000001330000000000000000000000000000000000000000000000211107402000106MARCONE E MARCELO SERVIÇOS AUTOMOTIVOS LAvenida Engenheiro George Corbisier ,273            04345000                                                            000003
1                   000902692011248461-880                    0000000000000000880200000000002               01880       17061100000000519560000000012N070611000000000000001730000000000000000000000000000000000000000000000209527407000146NOVA OLYMPIA PROMOÇÃO DE EVENTOS LTDA   Rua Tagipuru,795                                    01156000                                                            000004
1                   000902692011248461-881                    0000000000000000881000000000002               01881       17061100000000270600000000012N070611000000000000000900000000000000000000000000000000000000000000000208401232000163M.A. MUNIZ SANTOS - ME                  Rua Francisco Pereira,406-Sala 02                   07071060                                                            000005
1                   000902692011248461-882                    0000000000000000882900000000002               01882       17061100000000156000000000012N070611000000000000000520000000000000000000000000000000000000000000000203586507000167J. A. Rezende Advogados Associados      Rua: Libero Badaró, ,471-17° ANDAR                  01009903                                                            000006
1                   000902692011248461-883                    0000000000000000883700000000002               01883       20061100000000150000000000012N080611000000000000000500000000000000000000000000000000000000000000000211107402000106MARCONE E MARCELO SERVIÇOS AUTOMOTIVOS LAvenida Engenheiro George Corbisier ,273            04345000                                                            000007
1                   000902692011248461-884                    0000000000000000884500000000002               01884       20061100000000030000000000012N080611000000000000000100000000000000000000000000000000000000000000000200425653000112GIARDINO NOIVAS LTDA ME                 Rua Dutra Rodrigues,74                              01105010                                                            000008
1                   000902692011248461-809                    0000000000000000809800000000002               31809       08061100000000228300000000012N010611000000000000010000000000000000000000000000000000000000000000000212761154000185MC POSTAL SERVIÇOS ADMINISTRATIVOS LTDA Rua Marechal José B. Bormann,164 E-Sala             89802120Protesto após 5 dias                                        000009
1                   000902692011248461-764                    0000000000000000764400000000002               06764       08061100000000323900000000012N240511000000000000010000000000000000000000000000000000000000000000000200360305025107104 Caixa Econômica Federal             Avenida Moema ,,37                                  04077020                                                            000010
1                   000902692011248461-735                    0000000000000000735000000000002               02735       30051100000000142000000000012N180511000000000000010000000000000000000000000000000000000000000000000100034763637835IVANILDO DE CARVALHO XAVIER             Rua Professor Pereira Monteiro,109                  03518050                                                            000011
9                                                                                                                                                                                                                                                                                                                                                                                                         000012