01REMESSA01COBRANCA       00000000000004130991SISTEMA DE CARTóRIO CERTIDõES 237BRADESCO       080711        MX0000399                                                                                                                                                                                                                                                                                     000001
1                   000902692011248461-1094                   0000000000000001094700000000002               011094      18071100000000400000000000012N070711120000000000001330000000000000000000000000000000000000000000000200360305267887104 Caixa Econômica Federal             Rua São Joaquim ,69-5º andar                        01508001                                                            000002
1                   000902692011248461-1095                   0000000000000001095500000000002               011095      29071100000007809400000000012N070711120000000000026030000000000000000000000000000000000000000000000292894922000108BANCO MATONE (Núcleo Consignado RJ - MatAvenida Rio Branco,80-8º  e 9º andar                20040070                                                            000003
1                   000902692011248461-1096                   0000000000000001096300000000002               011096      18071100000001103200000000012N070711120000000000003680000000000000000000000000000000000000000000000233479023000180CITIBANK RISK MANAGEMENT                Avenida Paulista, ,1.111-2º andar                   01311920                                                            000004
1                   000902692011248461-1097                   0000000000000001097100000000002               011097      18071100000000020000000000012N070711120000000000000070000000000000000000000000000000000000000000000210377191000169ACM  Legalizações Empresariais Ltda. - MAvenida Capitão Mário Toledo de Camargo,            09170150                                                            000005
1                   000902692011248461-1098                   0000000000000001098P00000000002               011098      11071100000004340450000000012N070711000000000000000000000000000000000000000000000000000000000000000211419746000150AMA - ESTRUTURA CARTORAL LTDA - EPP     R. DAS ALFAZEMAS, 752 LJ 01 E 28                    41820710                                                            000006
1                   000902692011248461-1099                   0000000000000001099800000000002               011099      11081100000004340450000000012N070711000000000000000000000000000000000000000000000000000000000000000211419746000150AMA - ESTRUTURA CARTORAL LTDA - EPP     R. DAS ALFAZEMAS, 752 LJ 01 E 28                    41820710                                                            000007
1                   000902692011248461-1100                   0000000000000001100500000000002               011100      11091100000004340450000000012N070711000000000000000000000000000000000000000000000000000000000000000211419746000150AMA - ESTRUTURA CARTORAL LTDA - EPP     R. DAS ALFAZEMAS, 752 LJ 01 E 28                    41820710                                                            000008
1                   000902692011248461-1101                   0000000000000001101300000000002               011101      18071100000000140000000000012N080711120000000000000470000000000000000000000000000000000000000000000233479023000180CITIBANK RISK MANAGEMENT                Avenida Paulista, ,1.111-2º andar                   01311920                                                            000009
1                   000902692011248461-1102                   0000000000000001102100000000002               011102      18071100000000160000000000012N080711120000000000000530000000000000000000000000000000000000000000000200360305267887104 Caixa Econômica Federal             Rua São Joaquim ,69-5º andar                        01508001                                                            000010
1                   000902692011248461-1103                   0000000000000001103P00000000002               011103      18071100000000497920000000012N080711120000000000001660000000000000000000000000000000000000000000000209527407000146NOVA OLYMPIA PROMOÇÃO DE EVENTOS LTDA   Rua Tagipuru,795                                    01156000                                                            000011
1                   000902692011248461-1104                   0000000000000001104800000000002               011104      18071100000000200000000000012N080711120000000000000670000000000000000000000000000000000000000000000200360305407131104 Caixa Econômica Federal             Estrada de Itapecerica,3429                         05835000                                                            000012
1                   000902692011248461-1105                   0000000000000001105600000000002               011105      18071100000000030000000000012N080711120000000000000100000000000000000000000000000000000000000000000208679884000164FARES HALABIYAH JUNIOR - ME             Rua Itinguçu,2413                                   03658001                                                            000013
1                   000902692011248461-1106                   0000000000000001106400000000002               011106      18071100000000050000000000012N080711120000000000000170000000000000000000000000000000000000000000000208472787000104LC 15 COMERCIO E CONFECÇÕES LTDA - ME   Rua da Juta,369                                     03010010                                                            000014
1                   000902692011248461-1107                   0000000000000001107200000000002               011107      15071100000018000000000000012N080711000000000000000000000000000000000000000000000000000000000000000100003944518640BERNARDO OLIVEIRA DE CASTRO             RUA GONCALVES DIAS 179                              38065250                                                            000015
1                   000902692011248461-1108                   0000000000000001108000000000002               011108      29081100000018000000000000012N080711000000000000000000000000000000000000000000000000000000000000000100003944518640BERNARDO OLIVEIRA DE CASTRO             RUA GONCALVES DIAS 179                              38065250                                                            000016
1                   000902692011248461-985                    0000000000000000985P00000000002               31985       18071100000000076000000000012N290611120000000000010000000000000000000000000000000000000000000000000209263012000183Fundo de Investimento em Direitos CreditAvenida Paulista ,1499-19º. Andar                   01311200                                                            000017
1                   000902692011248461-985                    0000000000000000985P00000000002               06985       15071100000000076000000000012N290611120000000000010000000000000000000000000000000000000000000000000209263012000183Fundo de Investimento em Direitos CreditAvenida Paulista ,1499-19º. Andar                   01311200                                                            000018
1                   000902692011248461-985                    0000000000000000985P00000000002               06985       18071100000000076000000000012N290611120000000000010000000000000000000000000000000000000000000000000209263012000183Fundo de Investimento em Direitos CreditAvenida Paulista ,1499-19º. Andar                   01311200                                                            000019
9                                                                                                                                                                                                                                                                                                                                                                                                         000020