01REMESSA01COBRANCA       00000000000004130991SISTEMA DE CARTóRIO CERTIDõES 237BRADESCO       081111        MX0000467                                                                                                                                                                                                                                                                                     000001
1                   000902692011248461-2155                   0000000000000002155800000000002               012155      18111100000001058000000000012N081111120000000000003530000000000000000000000000000000000000000000000217184037013602389 Banco Mercantil do Brasil S.A.      Rua Senador Fláquer,166                             09010160                                                            000002
1                   000902692011248461-2156                   0000000000000002156600000000002               012156      18111100000000368000000000012N081111120000000000001230000000000000000000000000000000000000000000000200360305073845104 Caixa Econômica Federal             Rua Campos Sales,198                                06401000                                                            000003
1                   000902692011248461-2157                   0000000000000002157400000000002               012157      24111100000000320000000000012N081111120000000000001070000000000000000000000000000000000000000000000209263012000183Fundo de Investimento em Direitos CreditAvenida Paulista ,1499-19º. Andar                   01311200                                                            000004
9                                                                                                                                                                                                                                                                                                                                                                                                         000005