01REMESSA01COBRANCA       00000000000004130991SISTEMA DE CARTóRIO CERTIDõES 237BRADESCO       080911        MX0000436                                                                                                                                                                                                                                                                                     000001
1                   000902692011248461-1637                   0000000000000001637600000000002               011637      19091100000000397640000000012N080911120000000000001330000000000000000000000000000000000000000000000253283180000122Tesheiner Cavassani e Giacomazi AdvogadoRua João Adolfo,118-Conj. 405                       01050020                                                            000002
1                   000902692011248461-1638                   0000000000000001638400000000002               011638      19091100000000100000000000012N080911120000000000000330000000000000000000000000000000000000000000000253283180000122Tesheiner Cavassani e Giacomazi AdvogadoRua João Adolfo,118-Conj. 405                       01050020                                                            000003
1                   000902692011248461-1639                   0000000000000001639200000000002               011639      19091100000000120000000000012N080911120000000000000400000000000000000000000000000000000000000000000209263012000183Fundo de Investimento em Direitos CreditAvenida Paulista ,1499-19º. Andar                   01311200                                                            000004
1                   000902692011248461-1640                   0000000000000001640600000000002               011640      19091100000000142000000000012N080911120000000000000470000000000000000000000000000000000000000000000100017092942802MARIA DA APARECIDA NASCIMENTO           Rua Ipiroldes Martins Borges,153-V.1 - C            02837150                                                            000005
1                   000902692011248461-1641                   0000000000000001641400000000002               011641      19091100000000132000000000012N080911120000000000000440000000000000000000000000000000000000000000000100007255604870SILMAR RODRIGUES COSTA                  RUA: AUGUSTO MAZIERO,105                            09403400                                                            000006
1                   000902692011248461-1642                   0000000000000001642200000000002               011642      19091100000000179000000000012N080911120000000000000600000000000000000000000000000000000000000000000100099396734500ADENIR PEREIRA SOUSA                    RUA: JOÃO FRANCO DE CAMARGO,141                     06950000                                                            000007
1                   000902692011248461-1643                   0000000000000001643000000000002               011643      19091100000000090000000000012N080911120000000000000300000000000000000000000000000000000000000000000100007931106881NANCI DIONISIA DE MENEZES               Rua Brigadeiro Tobias ,247-AP. 601                  01032001                                                            000008
1                   000902692011248461-1644                   0000000000000001644900000000002               011644      19091100000000100000000000012N080911120000000000000330000000000000000000000000000000000000000000000200360305181656104 Caixa Econômica Federal             Avenida Santo Amaro ,7237                           04701200                                                            000009
1                   000902692011248461-1110                   0000000000000001110200000000002               021110      21071100000000090000000000012N110711120000000000010000000000000000000000000000000000000000000000000100012837044806RITA DE CASSIA RAMOS PALHAVAN           CAIXA POSTAL,90                                     06950970                                                            000010
1                   000902692011248461-1444                   0000000000000001444600000000002               021444      01091100000000382000000000012N220811120000000000010000000000000000000000000000000000000000000000000209263012000183Fundo de Investimento em Direitos CreditAvenida Paulista,1499-19º. Andar                    01311200                                                            000011
1                   000902692011248461-1452                   0000000000000001452700000000002               021452      02091100000000080000000000012N230811120000000000010000000000000000000000000000000000000000000000000209263012000183Fundo de Investimento em Direitos CreditAvenida Paulista,1499-19º. Andar                    01311200                                                            000012
1                   000902692011248461-1527                   0000000000000001527200000000002               061527      14091100000004854080000000012N020911120000000000010000000000000000000000000000000000000000000000000270940994000101PANDURATA ALIMENTOS LTDA.               Rua Fritz Reimann,628-3º andar                      07044020                                                            000013
9                                                                                                                                                                                                                                                                                                                                                                                                         000014