01REMESSA01COBRANCA       00000000000004130991SISTEMA DE CARTóRIO CERTIDõES 237BRADESCO       080512        MX0000527                                                                                                                                                                                                                                                                                     000001
1                   000902692011248461-3564                   0000000000000003564800000000002               013564      17051200000000200000000000012N070512120000000000000670000000000000000000000000000000000000000000000205341148000103FUSÃO SOLUÇÕES PARA MEDICINA LTDA       Rua Funchal,538-CJ 115                              04551060                                                            000002
1                   000902692011248461-3565                   0000000000000003565600000000002               013565      17051200000000500000000000012N070512120000000000001670000000000000000000000000000000000000000000000200360305409428CAIXA ECONOMICA FEDERAL                 Avenida Marechal Tito ,1587                         08022000                                                            000003
1                   000902692011248461-3566                   0000000000000003566400000000002               013566      17051200000000170200000000012N070512120000000000000570000000000000000000000000000000000000000000000200360305289937104 Caixa Econômica Federal             Avenida Brigadeiro Luís Antônio,580                 01318000                                                            000004
1                   000902692011248461-3567                   0000000000000003567200000000002               013567      17051200000000160000000000012N070512120000000000000530000000000000000000000000000000000000000000000200360305267887104 Caixa Econômica Federal             Rua São Joaquim,69-5º andar                         01508000                                                            000005
1                   000902692011248461-3568                   0000000000000003568000000000002               013568      17051200000000080000000000012N070512120000000000000270000000000000000000000000000000000000000000000200360305267887104 Caixa Econômica Federal             Rua São Joaquim,69-5º andar                         01508000                                                            000006
1                   000902692011248461-3569                   0000000000000003569900000000002               013569      17051200000000080000000000012N070512120000000000000270000000000000000000000000000000000000000000000200360305267887104 Caixa Econômica Federal             Rua São Joaquim,69-5º andar                         01508000                                                            000007
1                   000902692011248461-3570                   0000000000000003570200000000002               013570      17051200000000160000000000012N070512120000000000000530000000000000000000000000000000000000000000000200360305267887104 Caixa Econômica Federal             Rua São Joaquim,69-5º andar                         01508000                                                            000008
1                   000902692011248461-3571                   0000000000000003571000000000002               013571      17051200000000080000000000012N070512120000000000000270000000000000000000000000000000000000000000000200360305267887104 Caixa Econômica Federal             Rua São Joaquim,69-5º andar                         01508000                                                            000009
1                   000902692011248461-3572                   0000000000000003572900000000002               013572      15051200000000021250000000012N080512000000000000000070000000000000000000000000000000000000000000000113293656000191GVN CONSULTORIA E ASSESSORIA CARTORÁRIA Av. Djalma Batista,1905-Lj. 12                      69050010Protesto após 5 dias                                        000010
1                   000902692011248461-3573                   0000000000000003573700000000002               013573      15051200000000014500000000012N080512000000000000000050000000000000000000000000000000000000000000000113321680000197Ana Claudia Barbiere Alves Ferreira - MEAv. Brasil,326                                      14801050Protesto após 5 dias                                        000011
1                   000902692011248461-3574                   0000000000000003574500000000002               013574      15051200000000500000000000012N080512000000000000001670000000000000000000000000000000000000000000000114371927000142AGA3 INTERMEDIACAO CARTORARIA LTDA.     Rua José Alvim,243                                  12940750Protesto após 5 dias                                        000012
1                   000902692011248461-3575                   0000000000000003575300000000002               013575      15051200000000056500000000012N080512000000000000000190000000000000000000000000000000000000000000000111871164000100PANDIN BUENO ASSESSORIA CARTORÁRIA LTDA Rua 20,1014                                         14780070Protesto após 5 dias                                        000013
1                   000902692011248461-3576                   0000000000000003576100000000002               013576      15051200000000300740000000012N080512000000000000001000000000000000000000000000000000000000000000000111864024000105AGICART - SERVIÇOS DOCUMENTALISTAS INTERRua Afonso Pena,5-47                                17060250Protesto após 5 dias                                        000014
1                   000902692011248461-3577                   0000000000000003577P00000000002               013577      15051200000000500000000000012N080512000000000000001670000000000000000000000000000000000000000000000114272122000141F2G ATIVIDADES DE INFORMACOES CADASTRAISRua Dr. Moraes ,565-Loja 02                         66035080Protesto após 5 dias                                        000015
1                   000902692011248461-3578                   0000000000000003578800000000002               013578      15051200000000088000000000012N080512000000000000000290000000000000000000000000000000000000000000000113238744000190ARCHANJO TEIXEIRA PREPARAÇÃO DE DOCUMENTAv. Brasil,1586-Loja 06                             30140003Protesto após 5 dias                                        000016
1                   000902692011248461-3579                   0000000000000003579600000000002               013579      15051200000000054500000000012N080512000000000000000180000000000000000000000000000000000000000000000111564744000155SARAIVA´S CONSULTORIA EMPRESARIAL LTDA  Rua Prefeito José Santana Trigueiro,183             32604188Protesto após 5 dias                                        000017
1                   000902692011248461-3580                   0000000000000003580P00000000002               013580      15051200000000007000000000012N080512000000000000000020000000000000000000000000000000000000000000000115170049000160Ivani Marques de Souza - ME             Rua Barão do Rio Branco,1439 B                      16200001Protesto após 5 dias                                        000018
1                   000902692011248461-3581                   0000000000000003581800000000002               013581      15051200000000165850000000012N080512000000000000000550000000000000000000000000000000000000000000000113619244000107BRAGPOST ASSESSORIA CARTORARIA LTDA     Av. Antonio Pires Pimentel,707                      12914001Protesto após 5 dias                                        000019
1                   000902692011248461-3582                   0000000000000003582600000000002               013582      15051200000000060780000000012N080512000000000000000200000000000000000000000000000000000000000000000112196193000187BR ASSESSORIA CARTORARIA LTDA           CLSW,101-Bloco C, Loja 73                           70670503Protesto após 5 dias                                        000020
1                   000902692011248461-3583                   0000000000000003583400000000002               013583      15051200000000016210000000012N080512000000000000000050000000000000000000000000000000000000000000000113635488000175GARCIA E SANTOS ASSESSORIA CARTORARIA LTRua Raul Veiga,708-Loja B                           28907090Protesto após 5 dias                                        000021
1                   000902692011248461-3584                   0000000000000003584200000000002               013584      15051200000000277950000000012N080512000000000000000930000000000000000000000000000000000000000000000114816778000188Oliveira Intermediação Cartorária LTDA MR. Dr. Antônio Alvares Lobo,226                     13020110Protesto após 5 dias                                        000022
1                   000902692011248461-3585                   0000000000000003585000000000002               013585      15051200000000039170000000012N080512000000000000000130000000000000000000000000000000000000000000000114342243000112MD PRESTAÇÃO DE SERVIÇOS LTDA ME        Av. Afonso Pena,5420-SL 5 e 6                       79040010Protesto após 5 dias                                        000023
1                   000902692011248461-3586                   0000000000000003586900000000002               013586      15051200000000007000000000012N080512000000000000000020000000000000000000000000000000000000000000000113192551000146SERVICE CART SERVICOS LTDA - ME         Rua Padre Fabiano,637-Sala 03 | Caixa Po            13360000Protesto após 5 dias                                        000024
1                   000902692011248461-3587                   0000000000000003587700000000002               013587      15051200000000049500000000012N080512000000000000000170000000000000000000000000000000000000000000000111198466000160GOMES & KUNCEVICIUS LTDA ME             Rua Prisciliana de Castilho,374-Sala 06             11660330Protesto após 5 dias                                        000025
1                   000902692011248461-3588                   0000000000000003588500000000002               013588      15051200000000029990000000012N080512000000000000000100000000000000000000000000000000000000000000000111569240000128FLECK ASSESSORIA ADMINISTRATIVA LTDA    Avenida Tancredo Neves,385                          85805000Protesto após 5 dias                                        000026
1                   000902692011248461-3589                   0000000000000003589300000000002               013589      15051200000000136000000000012N080512000000000000000450000000000000000000000000000000000000000000000112761154000185MC PRESTADORA DE SERVIÇOS ADMINISTRATIVORua Marechal José B. Bormann,164 E-Sala             89802120Protesto após 5 dias                                        000027
1                   000902692011248461-3590                   0000000000000003590700000000002               013590      15051200000000152670000000012N080512000000000000000510000000000000000000000000000000000000000000000112655472000161CURITIBA ASSESSORIA CARTORARIA LTDA     Rua Tibagi,506                                      80060110Protesto após 5 dias                                        000028
1                   000902692011248461-3591                   0000000000000003591500000000002               013591      15051200000000229100000000012N080512000000000000000760000000000000000000000000000000000000000000000112632803000148RUBIANA SERVIÇOS DE CARTORIO, CERTIDÕES Rua das Esmeraldas,186                              09920520Protesto após 5 dias                                        000029
1                   000902692011248461-3592                   0000000000000003592300000000002               013592      15051200000000500000000000012N080512000000000000001670000000000000000000000000000000000000000000000114393975000131NEWA Intermediação Cartorária LTDA-ME   Rua Guaraiúva,775                                   04569002Protesto após 5 dias                                        000030
1                   000902692011248461-3593                   0000000000000003593100000000002               013593      15051200000000500000000000012N080512000000000000001670000000000000000000000000000000000000000000000100000000000000Cartório Postal - Guarulhos - SP        Rua Luiz Faccini,404                                07110000Protesto após 5 dias                                        000031
1                   000902692011248461-3594                   0000000000000003594P00000000002               013594      15051200000000042250000000012N080512000000000000000140000000000000000000000000000000000000000000000112498961000157HANNAH ASSESSORIA CARTORÁRIA LTDA       Rua Visconde de Mauá,208-Térreo                     45653260Protesto após 5 dias                                        000032
1                   000902692011248461-3595                   0000000000000003595800000000002               013595      15051200000000080250000000012N080512000000000000000270000000000000000000000000000000000000000000000112162069000109GODOI & GODOY ASSESSORIA CARTORARIA LTDAAv. Francisco de Paula Leite,1699                   13344325Protesto após 5 dias                                        000033
1                   000902692011248461-3596                   0000000000000003596600000000002               013596      15051200000000082740000000012N080512000000000000000280000000000000000000000000000000000000000000000102248702000114MOURA E MENEZES SERVIÇOS ADMINISTRATIVOSRua Dr. Curvelo Cavalcante,189-Loja 315             23810300Protesto após 5 dias                                        000034
1                   000902692011248461-3597                   0000000000000003597400000000002               013597      15051200000000037750000000012N080512000000000000000130000000000000000000000000000000000000000000000113287999000143ASSESSORIA CARTORÁRIA CARMO E PÁDUA LTDAAv. Cardoso Moreira,431-Loja 11                     28300000Protesto após 5 dias                                        000035
1                   000902692011248461-3598                   0000000000000003598200000000002               013598      15051200000000500000000000012N080512000000000000001670000000000000000000000000000000000000000000000114130979000127FORMA LEGAL INTERMEDIACAO CARTORARIA LTDRua Venancio Ayres,459-Piso Inferior                18200013Protesto após 5 dias                                        000036
1                   000902692011248461-3599                   0000000000000003599000000000002               013599      15051200000000004500000000012N080512000000000000000020000000000000000000000000000000000000000000000112443155000181ASSESSORIA E CONSULTORIA CARTORARIA DE DRua Santa Cruz,652                                  13300090Protesto após 5 dias                                        000037
1                   000902692011248461-3600                   0000000000000003600800000000002               013600      15051200000000058560000000012N080512000000000000000200000000000000000000000000000000000000000000000112139078000170RW MARIZ ESTRUTURA CARTORAL LTDA        Av Epitácio Pessoa,475-Sala 05                      58030906Protesto após 5 dias                                        000038
1                   000902692011248461-3601                   0000000000000003601600000000002               013601      15051200000000066800000000012N080512000000000000000220000000000000000000000000000000000000000000000114911193000147Mayerlopes Intermediações Cartorária LTDRua Marechal Deodoro,444/322                        36010904Protesto após 5 dias                                        000039
1                   000902692011248461-3602                   0000000000000003602400000000002               013602      15051200000000247850000000012N080512000000000000000830000000000000000000000000000000000000000000000112572498000146Alphacentral Documentos e Serviços LTDA Rua Zacarias de Goes,285                            13201800Protesto após 5 dias                                        000040
1                   000902692011248461-3603                   0000000000000003603200000000002               013603      15051200000000500000000000012N080512000000000000001670000000000000000000000000000000000000000000000114648481000150IRMÃOS CORREA INTERMEDIAÇÃO CARTORÁRIA LAv. Luis de Camões,1287-Sala 02                     88523000Protesto após 5 dias                                        000041
1                   000902692011248461-3604                   0000000000000003604000000000002               013604      15051200000000101780000000012N0805120000000000000003400000000000000000000000000000000000000000000001112843480001743G7 ASSESSORIA E ORGANIZAÇÃO DE DOCUMENTRua Goiás,1332                                      86020410Protesto após 5 dias                                        000042
1                   000902692011248461-3605                   0000000000000003605900000000002               013605      15051200000000500000000000012N080512000000000000001670000000000000000000000000000000000000000000000114374798000146RAFAEL MROZINSKI ME                     Av. Rio Grande do Sul,193 S-Sala 02                 78455000Protesto após 5 dias                                        000043
1                   000902692011248461-3606                   0000000000000003606700000000002               013606      15051200000000500000000000012N080512000000000000001670000000000000000000000000000000000000000000000114140265000108JGMC SERVICOS ESPECIALIZADOS DE APOIO ADAvenida Nossa Senhora do Sabará,1348                04686001Protesto após 5 dias                                        000044
1                   000902692011248461-3607                   0000000000000003607500000000002               013607      15051200000000067800000000012N080512000000000000000230000000000000000000000000000000000000000000000111222886000134ELIDA ASSESSORIA EMPRESARIAL LTDA       R. Neo Alves Martins,2955-Sala 03                   87013060Protesto após 5 dias                                        000045
1                   000902692011248461-3608                   0000000000000003608300000000002               013608      15051200000000500000000000012N080512000000000000001670000000000000000000000000000000000000000000000114456232000163RENATA GLORIA DE ALMEIDA ME             Rua Juscelino K. de Oliveira,763                    37580000Protesto após 5 dias                                        000046
1                   000902692011248461-3609                   0000000000000003609100000000002               013609      15051200000000020000000000012N080512000000000000000070000000000000000000000000000000000000000000000112837049000182TOWER NITEROI SERVIÇOS DE CARTÓRIO E CERRua Visconde de Sepetiba,935-Loja 134               24020206Protesto após 5 dias                                        000047
1                   000902692011248461-3610                   0000000000000003610500000000002               013610      15051200000000298600000000012N080512000000000000001000000000000000000000000000000000000000000000000113133167000172MONARO & FRANCO SERVIÇOS ORGANIZACIONAISRua dos Marianos,132                                06016050Protesto após 5 dias                                        000048
1                   000902692011248461-3611                   0000000000000003611300000000002               013611      15051200000000012250000000012N080512000000000000000040000000000000000000000000000000000000000000000113622593000170VERA & MARIA SERVIÇOS E ASSESSORIA CARTORua Paraná,629                                      19900021Protesto após 5 dias                                        000049
1                   000902692011248461-3612                   0000000000000003612100000000002               013612      15051200000000082900000000012N080512000000000000000280000000000000000000000000000000000000000000000114744632000174RDL INTERMEDIAÇÃO CARTORÁRIA LTDA       Avenida Santa Teresa,516                            68552230Protesto após 5 dias                                        000050
1                   000902692011248461-3613                   0000000000000003613P00000000002               013613      15051200000000500000000000012N080512000000000000001670000000000000000000000000000000000000000000000113969109000183CAVALCANTE & CRUZ INTERMEDIACAO CARTORARAv. Getulio Vargas,139                              58400052Protesto após 5 dias                                        000051
1                   000902692011248461-3614                   0000000000000003614800000000002               013614      15051200000000008600000000012N080512000000000000000030000000000000000000000000000000000000000000000113743219000122Valentim e Silva Serviços               Praça Antônio Dias,584                              38700110Protesto após 5 dias                                        000052
1                   000902692011248461-3615                   0000000000000003615600000000002               013615      15051200000000500000000000012N080512000000000000001670000000000000000000000000000000000000000000000126069567000108JPS SERVIÇOS LTDA ME                    Rua Apinajés,1100-Cj. 501                           05017000Protesto após 5 dias                                        000053
1                   000902692011248461-3616                   0000000000000003616400000000002               013616      15051200000000500000000000012N080512000000000000001670000000000000000000000000000000000000000000000113845551000106MACEDO & MELO INTERMEDIACOES CARTORARIASRua David Caldas,564-B                              64000190Protesto após 5 dias                                        000054
1                   000902692011248461-3617                   0000000000000003617200000000002               013617      15051200000000200310000000012N080512000000000000000670000000000000000000000000000000000000000000000111253279000131ANDRIETTA & PIVA LTDA                   R. Gov. Pedro de Toledo,569                         13400070Protesto após 5 dias                                        000055
1                   000902692011248461-3618                   0000000000000003618000000000002               013618      15051200000000160290000000012N080512000000000000000530000000000000000000000000000000000000000000000105910405000180Saad Vargas Assessoria Empresarial Ltda Rua Sete de Setembro,635                            84010350Protesto após 5 dias                                        000056
1                   000902692011248461-3619                   0000000000000003619900000000002               013619      15051200000000180950000000012N080512000000000000000600000000000000000000000000000000000000000000000114467333000130Sirley Santos Niemic - ME               Av. Municipal,1779 A                                78250000Protesto após 5 dias                                        000057
1                   000902692011248461-3620                   0000000000000003620200000000002               013620      18051200000000690000000000012N080512120000000000002300000000000000000000000000000000000000000000000262232889000190Banco Daycoval S/A                      Avenida Paulista ,1793-02º Andar                    01311200                                                            000058
1                   000902692011248461-3621                   0000000000000003621000000000002               013621      15051200000000021040000000012N080512000000000000000070000000000000000000000000000000000000000000000112462165000164Viviane Aparecida Henriques - EPP       Rua Rui Barbosa,164                                 19010260Protesto após 5 dias                                        000059
1                   000902692011248461-3622                   0000000000000003622900000000002               013622      15051200000000059500000000012N080512000000000000000200000000000000000000000000000000000000000000000111619454000161ASSESSORIA CARTORÁRIA DO NORDESTE LTDA  Av. Conselheiro Rosa e Silva,1460 -Sala             52020220Protesto após 5 dias                                        000060
1                   000902692011248461-3623                   0000000000000003623700000000002               013623      15051200000000154420000000012N080512000000000000000510000000000000000000000000000000000000000000000113800899000179TEIXEIRA CARREIRO INTERMEDIACAO CARTORARRua Luiz Pistarini,74-Loja E                        27542090Protesto após 5 dias                                        000061
1                   000902692011248461-3624                   0000000000000003624500000000002               013624      15051200000000052660000000012N080512000000000000000180000000000000000000000000000000000000000000000111675298000156MORANDO & MORANDO SERVIÇOS TRANSCRIÇÃO DRua Tibiriçá,189                                    14010090Protesto após 5 dias                                        000062
1                   000902692011248461-3625                   0000000000000003625300000000002               013625      15051200000000006610000000012N080512000000000000000020000000000000000000000000000000000000000000000114724720000104GSM Acre Cartórios LTDA                 Rua Getulio Vargas,1782-Sala 08                     69900613Protesto após 5 dias                                        000063
1                   000902692011248461-3626                   0000000000000003626100000000002               013626      15051200000000635590000000012N080512000000000000002120000000000000000000000000000000000000000000000111144435000126M&Z Documentos Cartorários Ltda         R. da Assembléia,10-Lj. Subsl. 112                  20011000Protesto após 5 dias                                        000064
1                   000902692011248461-3627                   0000000000000003627P00000000002               013627      15051200000000011090000000012N080512000000000000000040000000000000000000000000000000000000000000000113350598000190CP SERVIÇOS ADMINISTRATIVO LTDA - ME    Rua Arnaldo Estevão de Figueiredo,640               78700150Protesto após 5 dias                                        000065
1                   000902692011248461-3628                   0000000000000003628800000000002               013628      15051200000000003200000000012N080512000000000000000010000000000000000000000000000000000000000000000113576355000175NELSON CARLOS LEME                      Rua 9 de Julho,696                                  13320005Protesto após 5 dias                                        000066
1                   000902692011248461-3629                   0000000000000003629600000000002               013629      15051200000000139450000000012N080512000000000000000460000000000000000000000000000000000000000000000113098867000173ROMI & ZANATTA LTDA - ME                Rua Floriano Peixoto,692                            13450023Protesto após 5 dias                                        000067
1                   000902692011248461-3630                   0000000000000003630P00000000002               013630      15051200000000316620000000012N080512000000000000001060000000000000000000000000000000000000000000000108854020000131M.V. FRANZOSO – SOLUCOES EMPRESARIAIS – Rua Rio Branco,483                                  09710090Protesto após 5 dias                                        000068
1                   000902692011248461-3631                   0000000000000003631800000000002               013631      15051200000000036150000000012N080512000000000000000120000000000000000000000000000000000000000000000113821603000104SPEEDCART APOIO E SERVICOS ADMINISTRATIVRua Amazonas,156                                    09520060Protesto após 5 dias                                        000069
1                   000902692011248461-3632                   0000000000000003632600000000002               013632      15051200000000032450000000012N080512000000000000000110000000000000000000000000000000000000000000000113433192000171CONSULT SERVICE ASSESSORIA CARTORÁRIA LTRua Episcopal,1714-Loja 02                          13560570Protesto após 5 dias                                        000070
1                   000902692011248461-3633                   0000000000000003633400000000002               013633      15051200000000481900000000012N080512000000000000001610000000000000000000000000000000000000000000000111495482000114CATARINENSE ASSESSORIA CARTORÁRIA LTDA  Rua Antônio Scherer,465-Loja 3                      88102090Protesto após 5 dias                                        000071
1                   000902692011248461-3634                   0000000000000003634200000000002               013634      15051200000004785380000000012N080512000000000000015950000000000000000000000000000000000000000000000110906064000100MAIA SERVIÇOS ADMINISTRATIVOS LTDA      Rua Bernardino de Campos,3180-Loja 04 Ga            15015300Protesto após 5 dias                                        000072
1                   000902692011248461-3635                   0000000000000003635000000000002               013635      15051200000000809020000000012N080512000000000000002700000000000000000000000000000000000000000000000111165549000152D´ VASQUEZ SERVIÇOS CARTORARIOS LTDA - EAv. Dr. João Guilhermino,293                        12210131Protesto após 5 dias                                        000073
1                   000902692011248461-3636                   0000000000000003636900000000002               013636      15051200000000442540000000012N080512000000000000001480000000000000000000000000000000000000000000000111163439000151RF-SERVICOS DE DOCUMENTACAO LTDA.       Av. Mal. Castelo Branco,173-A                       65076090Protesto após 5 dias                                        000074
1                   000902692011248461-3637                   0000000000000003637700000000002               013637      15051200000000500000000000012N080512000000000000001670000000000000000000000000000000000000000000000114784108000127D & F GESTAO E SOLUCOES EM GERENCIAMENTOAv. Jabaquara,2071                                  04045003Protesto após 5 dias                                        000075
1                   000902692011248461-3638                   0000000000000003638500000000002               013638      15051200000001124170000000012N080512000000000000003750000000000000000000000000000000000000000000000110999668000148ASSESSORIA E CONSULTORIA DE DOCUMENTOS ER. Leopoldo Machado,242-Loja 02                     18035075Protesto após 5 dias                                        000076
1                   000902692011248461-3639                   0000000000000003639300000000002               013639      15051200000000016610000000012N080512000000000000000060000000000000000000000000000000000000000000000151915072000108Associação Comercial, Industrial e AgropRua Antônio Jorge Chebab,1212                       13170005Protesto após 5 dias                                        000077
1                   000902692011248461-3640                   0000000000000003640700000000002               013640      15051200000001338950000000012N080512000000000000004460000000000000000000000000000000000000000000000111029315000188SUZAN CART CERTIDOES LTDA - ME          Rua Gal. Francisco Glicério,1185                    08674003Protesto após 5 dias                                        000078
1                   000902692011248461-3641                   0000000000000003641500000000002               013641      15051200000000426220000000012N080512000000000000001420000000000000000000000000000000000000000000000111165549000233D´ VASQUEZ SERVIÇOS CARTORARIOS LTDA EPPRua Coronel Augusto Monteiro,650                    12020160Protesto após 5 dias                                        000079
1                   000902692011248461-3642                   0000000000000003642300000000002               013642      15051200000000011620000000012N080512000000000000000040000000000000000000000000000000000000000000000111349928000100MARTINS E AFONSO ASSESSORIA EMPRESARIAL Travessa Ranulfo Feo,36-Sala 106, Ed. Tu            25953650Protesto após 5 dias                                        000080
1                   000902692011248461-3643                   0000000000000003643100000000002               013643      15051200000000020000000000012N080512000000000000000070000000000000000000000000000000000000000000000110918131000106PROCART - PROCESSOS CARTORAIS LTDA      Rua Primeiro de Janeiro,35-Sala 101                 35180032Protesto após 5 dias                                        000081
1                   000902692011248461-3644                   0000000000000003644P00000000002               013644      15051200000000702600000000012N080512000000000000002340000000000000000000000000000000000000000000000113406670000154RODRIGUES E VIEIRA LTDA.                208 Sul AV. LO 03-LT 11, ED. VITORIA, Sa            77020542Protesto após 5 dias                                        000082
1                   000902692011248461-3645                   0000000000000003645800000000002               013645      15051200000000500000000000012N080512000000000000001670000000000000000000000000000000000000000000000114567761000134ABEN INTERMEDIACAO CARTORARIA LTDA ME   Rua Coronel Manoel Borges,321                       38010410Protesto após 5 dias                                        000083
1                   000902692011248461-3646                   0000000000000003646600000000002               013646      15051200000001008240000000012N080512000000000000003360000000000000000000000000000000000000000000000111834699000101REGIS ORLANDINI ASSESSORIA CARTORARIA LTAv. João Naves de Ávila,81                          38400600Protesto após 5 dias                                        000084
1                   000902692011248461-3647                   0000000000000003647400000000002               013647      15051200000000500000000000012N080512000000000000001670000000000000000000000000000000000000000000000114395950000177VILARONGA REPRESENTACOES E INTERMEDIACOERua José Gonçalves Pereira,35-LJ 1                  37010500Protesto após 5 dias                                        000085
1                   000902692011248461-3654                   0000000000000003654700000000002               013654      18051200000000195000000000012N080512120000000000000650000000000000000000000000000000000000000000000200360305024127104 Caixa Econômica Federal             Rua Cajuru,1103/1107                                03057000                                                            000086
1                   000902692011248461-3649                   0000000000000003649000000000002               013649      15051200000000006000000000012N080512000000000000000020000000000000000000000000000000000000000000000113372039000181De Paula & França Serviço Privado de IntAv. Nossa Senhora da Penha,235-Loja 03              29055050Protesto após 5 dias                                        000087
1                   000902692011248461-3650                   0000000000000003650400000000002               013650      15051200000000006000000000012N080512000000000000000020000000000000000000000000000000000000000000000111479061000108ANDRADE SOARES LOPES LTDA               Rua Lehar David,05                                  45000445Protesto após 5 dias                                        000088
1                   000902692011248461-3651                   0000000000000003651200000000002               013651      15051200000000500000000000012N080512000000000000001670000000000000000000000000000000000000000000000114834058000145PEREIRA CARREIRO INTERMEDIAÇÃO CARTORARIRua Paulo Leopoldo Marçal,108-B                     27213280Protesto após 5 dias                                        000089
1                   000902692011248461-3652                   0000000000000003652000000000002               013652      18051200000035000000000000012N080512000000000000000000000000000000000000000000000000000000000000000100026127534860PAULO SÉRGIO MARCHIORETO                Rua Saldanha Marinho, 176 – Apto. 32                13974000                                                            000090
1                   000902692011248461-3653                   0000000000000003653900000000002               013653      15051200000028000000000000012N080512000000000000000000000000000000000000000000000000000000000000000100004453265905JULIANA ALVES DA SILVA                  Rua Paineira, 4.625                                 87503410                                                            000091
1                   000902692011248461-3655                   0000000000000003655500000000002               013655      18051200000000353300000000012N080512120000000000001180000000000000000000000000000000000000000000000253283180000122Tesheiner Cavassani e Giacomazi AdvogadoRua João Adolfo,118-Conj. 405                       01050020                                                            000092
1                   000902692011248461-3656                   0000000000000003656300000000002               013656      18051200000000393250000000012N080512120000000000001310000000000000000000000000000000000000000000000253283180000122Tesheiner Cavassani e Giacomazi AdvogadoRua João Adolfo,118-Conj. 405                       01050020                                                            000093
1                   000902692011248461-3657                   0000000000000003657100000000002               013657      18051200000000451430000000012N080512120000000000001500000000000000000000000000000000000000000000000253283180000122Tesheiner Cavassani e Giacomazi AdvogadoRua João Adolfo,118-Conj. 405                       01050020                                                            000094
1                   000902692011248461-3658                   0000000000000003658P00000000002               013658      18051200000000445750000000012N080512120000000000001490000000000000000000000000000000000000000000000253283180000122Tesheiner Cavassani e Giacomazi AdvogadoRua João Adolfo,118-Conj. 405                       01050020                                                            000095
1                   000902692011248461-3659                   0000000000000003659800000000002               013659      18051200000000314340000000012N080512120000000000001050000000000000000000000000000000000000000000000253283180000122Tesheiner Cavassani e Giacomazi AdvogadoRua João Adolfo,118-Conj. 405                       01050020                                                            000096
1                   000902692011248461-3660                   0000000000000003660100000000002               013660      18051200000000341060000000012N080512120000000000001140000000000000000000000000000000000000000000000253283180000122Tesheiner Cavassani e Giacomazi AdvogadoRua João Adolfo,118-Conj. 405                       01050020                                                            000097
1                   000902692011248461-3661                   0000000000000003661P00000000002               013661      17061200000030000000000000012N080512000000000000000000000000000000000000000000000000000000000000000100067649467600ENEAS  VIRGILHO SALDANHA  BAYÃO         Rua Dr. Virgilio Uchoa, 111                         30320240                                                            000098
1                   000902692011248461-3662                   0000000000000003662800000000002               013662      17071200000030000000000000012N080512000000000000000000000000000000000000000000000000000000000000000100067649467600ENEAS  VIRGILHO SALDANHA  BAYÃO         Rua Dr. Virgilio Uchoa, 111                         30320240                                                            000099
1                   000902692011248461-3663                   0000000000000003663600000000002               013663      17051200000020000000000000012N080512000000000000000000000000000000000000000000000000000000000000000100067649467600ENEAS  VIRGILHO SALDANHA  BAYÃO         Rua Dr. Virgilio Uchoa, 111                         30320240                                                            000100
1                   000902692011248461-3206                   0000000000000003206100000000002               023206      23031200000040000000000000012N150312000000000000000000000000000000000000000000000000000000000000000100002830872932KAREN GIOVANNA SALVIA                   Alameda Tuiuti, 52                                  85863030                                                            000101
1                   000902692011248461-3212                   0000000000000003212600000000002               023212      26031200000060000000000000012N190312000000000000000000000000000000000000000000000000000000000000000100012379823758SABRINA DE OLIVEIRA ALVES               Rua Dinamarca, 60 – Apto. 102                       23092665                                                            000102
1                   000902692011248461-3240                   0000000000000003240100000000002               023240      28031200000050000000000000012N230312000000000000000000000000000000000000000000000000000000000000000100035310280812FRANCISCO ANGELO FAIÇAL CARBONE         Av. Aratãs,1.216                                    04081005                                                            000103
1                   000902692011248461-3265                   0000000000000003265700000000002               023265      04041200000065000000000000012N270312000000000000000000000000000000000000000000000000000000000000000100036027868899HELIO BRAJÃO MESCOLOTTI                 Av Com Luciano Guidotti, 1350 Apto 302              13425000                                                            000104
1                   000902692011248461-3268                   0000000000000003268100000000002               023268      30031200000052500000000000012N270312000000000000000000000000000000000000000000000000000000000000000100092463991887ZILDNETE DA ROCHA SILVA                 Rua Horton Hoover, 215                              17017410                                                            000105
1                   000902692011248461-3273                   0000000000000003273800000000002               023273      30041200000052500000000000012N280312000000000000000000000000000000000000000000000000000000000000000100092463991887ZILDNETE DA ROCHA SILVA                 Rua Horton Hoover, 215                              17017410                                                            000106
1                   000902692011248461-3274                   0000000000000003274600000000002               023274      30051200000052500000000000012N280312000000000000000000000000000000000000000000000000000000000000000100092463991887ZILDNETE DA ROCHA SILVA                 Rua Horton Hoover, 215                              17017410                                                            000107
1                   000902692011248461-3275                   0000000000000003275400000000002               023275      30061200000052500000000000012N280312000000000000000000000000000000000000000000000000000000000000000100092463991887ZILDNETE DA ROCHA SILVA                 Rua Horton Hoover, 215                              17017410                                                            000108
1                   000902692011248461-3207                   0000000000000003207P00000000002               023207      24031200000017500000000000012N150312000000000000000000000000000000000000000000000000000000000000000100000560886713SILVIA MARIA ZALONA VIEIRA              Comandante Marcolino de Souza, 443                  25740110Bloco 03 – Apto. 304                                        000109
1                   000902692011248461-3450                   0000000000000003450100000000002               023450      16041200000020000000000000012N110412000000000000000000000000000000000000000000000000000000000000000100026653014827JULIANA GANIMI                          Alameda Madri, 125 – Apto. 32                       69915797                                                            000110
1                   000902692011248461-3208                   0000000000000003208800000000002               023208      24051200000017500000000000012N150312000000000000000000000000000000000000000000000000000000000000000100000560886713SILVIA MARIA ZALONA VIEIRA              Rua Comandante Marcolino de Souza, 443              25740110Bloco 03 – Apto. 304                                        000111
1                   000902692011248461-3451                   0000000000000003451P00000000002               023451      30051200000020000000000000012N110412000000000000000000000000000000000000000000000000000000000000000100026653014827JULIANA GANIMI                          Alameda Madri, 125 – Apto. 32                       69915797                                                            000112
1                   000902692011248461-3276                   0000000000000003276200000000002               023276      04041200000030000000000000012N280312000000000000000000000000000000000000000000000000000000000000000100004106974789DOUGLAS FREIRE DE ALMEIDA               ALAMEDA VISCONDE DE INHAUMA, 96                     28625200                                                            000113
9                                                                                                                                                                                                                                                                                                                                                                                                         000114