01REMESSA01COBRANCA       00000000000004130991SISTEMA DE CARTóRIO CERTIDõES 237BRADESCO       080811        MX0000418                                                                                                                                                                                                                                                                                     000001
1                   000902692011248461-1357                   0000000000000001357100000000002               011357      15081100000000305130000000012N050811120000000000001020000000000000000000000000000000000000000000000253283180000122Tesheiner Cavassani e Giacomazi AdvogadoRua João Adolfo,118-Conj. 405                       01050020                                                            000002
1                   000902692011248461-1358                   0000000000000001358P00000000002               011358      12081100000012000000000000012N050811000000000000000000000000000000000000000000000000000000000000000204058730000102HMR - Comercio e Prestação de Serviços LRUA SEBASTIÃO, 244 - APTO 82                        13660000                                                            000003
1                   000902692011248461-1359                   0000000000000001359800000000002               011359      15081100000000100000000000012N050811120000000000000330000000000000000000000000000000000000000000000200360305407131104 Caixa Econômica Federal             Estrada de Itapecerica,3429                         05835000                                                            000004
1                   000902692011248461-1360                   0000000000000001360100000000002               011360      15081100000000400000000000012N050811120000000000001330000000000000000000000000000000000000000000000203513451000110NERONE DO BRASIL CIA. Securitizadora de Avenida Paulista,726-Sala 1410 - 14º and            01310100                                                            000005
1                   000902692011248461-1361                   0000000000000001361P00000000002               011361      12081100000010000000000000012N080811000000000000000000000000000000000000000000000000000000000000000100081307587004RAFAEL MROZINSKI                        AV. MATO GROSSO DO SUL, 201                         78455000                                                            000006
1                   000902692011248461-1362                   0000000000000001362800000000002               011362      26091100000010000000000000012N080811000000000000000000000000000000000000000000000000000000000000000100081307587004RAFAEL MROZINSKI                        AV. MATO GROSSO DO SUL, 201                         78455000                                                            000007
1                   000902692011248461-1363                   0000000000000001363600000000002               011363      18081100000000280000000000012N080811120000000000000930000000000000000000000000000000000000000000000200360305267887104 Caixa Econômica Federal             Rua São Joaquim ,69-5º andar                        01508001                                                            000008
1                   000902692011248461-1364                   0000000000000001364400000000002               011364      18081100000000200000000000012N080811120000000000000670000000000000000000000000000000000000000000000233479023000180BANCO CITIBANK S.A                      Avenida Paulista, nº 1.111, 2º andar,1.1            01311920                                                            000009
1                   000902692011248461-1189                   0000000000000001189700000000002               021189      05081100000000058000000000012N250711120000000000010000000000000000000000000000000000000000000000000210377191000169ACM  Legalizações Empresariais Ltda. - MAvenida Capitão Mário Toledo de Camargo,            09170150                                                            000010
1                   000902692011248461-1195                   0000000000000001195100000000002               021195      05081100000000129000000000012N250711120000000000010000000000000000000000000000000000000000000000000210377191000169ACM  Legalizações Empresariais Ltda. - MAvenida Capitão Mário Toledo de Camargo,            09170150                                                            000011
9                                                                                                                                                                                                                                                                                                                                                                                                         000012