01REMESSA01COBRANCA       00000000000004130991SISTEMA DE CARTóRIO CERTIDõES 237BRADESCO       080212        MX0000502                                                                                                                                                                                                                                                                                     000001
1                   000902692011248461-2879                   0000000000000002879P00000000002               012879      17021200000000236550000000012N070212120000000000000790000000000000000000000000000000000000000000000202587243000101Confecções Moremel                      Rua José Paulino, ,37                               00000000                                                            000002
1                   000902692011248461-2496                   0000000000000002496400000000002               022496      02011200000000300000000000012N211211120000000000010000000000000000000000000000000000000000000000000200360305025441104 Caixa Econômica Federal             RUA: Joaquim Floriano, ,446                         04534002                                                            000003
1                   000902692011248461-2443                   0000000000000002443300000000002               022443      05011200000000300000000000012N131211120000000000010000000000000000000000000000000000000000000000000200360305025441104 Caixa Econômica Federal             RUA: Joaquim Floriano, ,446                         04534002                                                            000004
1                   000902692011248461-2450                   0000000000000002450600000000002               022450      05011200000000100000000000012N141211120000000000010000000000000000000000000000000000000000000000000200360305025441104 Caixa Econômica Federal             RUA: Joaquim Floriano, ,446                         04534002                                                            000005
1                   000902692011248461-2490                   0000000000000002490500000000002               022490      05011200000000100000000000012N201211120000000000010000000000000000000000000000000000000000000000000200360305025441104 Caixa Econômica Federal             RUA: Joaquim Floriano, ,446                         04534002                                                            000006
1                   000902692011248461-2632                   0000000000000002632000000000002               022632      23011200000000100000000000012N110112120000000000010000000000000000000000000000000000000000000000000200360305025441104 Caixa Econômica Federal             RUA: Joaquim Floriano, ,446                         04534002                                                            000007
1                   000902692011248461-2668                   0000000000000002668100000000002               022668      27011200000000100000000000012N170112120000000000010000000000000000000000000000000000000000000000000200360305025441104 Caixa Econômica Federal             RUA: Joaquim Floriano, ,446                         04534002                                                            000008
9                                                                                                                                                                                                                                                                                                                                                                                                         000009