01REMESSA01COBRANCA       00000000000004130991SISTEMA DE CARTóRIO CERTIDõES 237BRADESCO       090212        MX0000503                                                                                                                                                                                                                                                                                     000001
1                   000902692011248461-2880                   0000000000000002880300000000002               012880      18021200000000135000000000012N080212120000000000000450000000000000000000000000000000000000000000000100011651030871Mercedes de Olivera Martins             Rua Antônio Rodrigues,251                           08537310                                                            000002
1                   000902692011248461-2881                   0000000000000002881100000000002               012881      18021200000000126000000000012N080212120000000000000420000000000000000000000000000000000000000000000100020841817472Hamilton Ferreira Da Silva              Rua Fiori Polachine,273                             	0705526                                                            000003
1                   000902692011248461-2882                   0000000000000002882P00000000002               012882      18021200000001536600000000012N080212120000000000005120000000000000000000000000000000000000000000000262232889000190Banco Daycoval S/A                      Avenida Paulista ,1793-02º Andar                    01311200                                                            000004
1                   000902692011248461-2883                   0000000000000002883800000000002               012883      24021200000000100000000000012N080212120000000000000330000000000000000000000000000000000000000000000200360305159804104 Caixa Econômica Federal             Avenida de Pinedo ,228                              04764000                                                            000005
1                   000902692011248461-2884                   0000000000000002884600000000002               012884      18021200000000120000000000012N080212120000000000000400000000000000000000000000000000000000000000000201190978000126ITALIA COMERCIAL TEXTIL LTDA ME         Rua Almirante Barroso ,308                          03025000                                                            000006
1                   000902692011248461-2885                   0000000000000002885400000000002               012885      24021200000000060000000000012N080212120000000000000200000000000000000000000000000000000000000000000208679884000164FARES HALABIYAH JUNIOR - ME             Rua Itinguçu ,2413                                  03658001                                                            000007
1                   000902692011248461-2886                   0000000000000002886200000000002               012886      24021200000000272000000000012N080212120000000000000910000000000000000000000000000000000000000000000209624793000194BIANCHINI SOCIEDADE DE ADVOGADOS        Avenida Pedroso de Morais,2315                      05419001                                                            000008
1                   000902692011248461-2887                   0000000000000002887000000000002               012887      24021200000000340920000000012N080212120000000000001140000000000000000000000000000000000000000000000209263012000183Fundo de Investimento em Direitos CreditAvenida Paulista ,1499-19º. Andar                   01311200                                                            000009
1                   000902692011248461-2888                   0000000000000002888900000000002               012888      24021200000000415400000000012N080212120000000000001380000000000000000000000000000000000000000000000253283180000122Tesheiner Cavassani e Giacomazi AdvogadoRua João Adolfo,118-Conj. 405                       01050020                                                            000010
1                   000902692011248461-2889                   0000000000000002889700000000002               012889      24021200000000171280000000012N080212120000000000000570000000000000000000000000000000000000000000000253283180000122Tesheiner Cavassani e Giacomazi AdvogadoRua João Adolfo,118-Conj. 405                       01050020                                                            000011
1                   000902692011248461-2890                   0000000000000002890000000000002               012890      24021200000000363350000000012N080212120000000000001210000000000000000000000000000000000000000000000253283180000122Tesheiner Cavassani e Giacomazi AdvogadoRua João Adolfo,118-Conj. 405                       01050020                                                            000012
1                   000902692011248461-2891                   0000000000000002891900000000002               012891      24021200000000497420000000012N080212120000000000001660000000000000000000000000000000000000000000000253283180000122Tesheiner Cavassani e Giacomazi AdvogadoRua João Adolfo,118-Conj. 405                       01050020                                                            000013
1                   000902692011248461-2892                   0000000000000002892700000000002               012892      24021200000000150000000000012N080212120000000000000500000000000000000000000000000000000000000000000203586507000167J. A. Rezende advogados associados      Rua: Libero Badaró, ,471-17° ANDAR                  01009903                                                            000014
1                   000902692011248461-2893                   0000000000000002893500000000002               012893      24021200000000236850000000012N080212060500000000000000000000000000000000000000000000000000000000000250533876000171PANAMERICANO ADMINISTRADORA DE CONSORCIOAV PAULISTA, 2240                                   01009905                                                            000015
1                   000902692011248461-2894                   0000000000000002894300000000002               012894      15021200000020000000000000012N080212000000000000000000000000000000000000000000000000000000000000000100008090558801CARLOS HENRIQUE GONCALVES               RUA DR. CELESTINO, 610                              12701430                                                            000016
1                   000902692011248461-2453                   0000000000000002453000000000002               022453      16011200000000109000000000012N141211120000000000010000000000000000000000000000000000000000000000000229557105000128COMPANHIA DE MARCAS                     Rua São Miguel, 11                                  20530420                                                            000017
1                   000902692011248461-2454                   0000000000000002454900000000002               022454      16011200000000129000000000012N141211120000000000010000000000000000000000000000000000000000000000000229557105000128COMPANHIA DE MARCAS                     Rua São Miguel, 11                                  20530420                                                            000018
1                   000902692011248461-2615                   0000000000000002615000000000002               022615      16011200000000200000000000012N060112120000000000010000000000000000000000000000000000000000000000000229557105000128COMPANHIA DE MARCAS                     Rua São Miguel, 11                                  20530420                                                            000019
9                                                                                                                                                                                                                                                                                                                                                                                                         000020