01REMESSA01COBRANCA       00000000000004130991SISTEMA DE CARTóRIO CERTIDõES 237BRADESCO       090412        MX0000519                                                                                                                                                                                                                                                                                     000001
1                   000902692011248461-3396                   0000000000000003396300000000002               013396      09041200000015000000000000012N030412000000000000000000000000000000000000000000000000000000000000000100023170086863TASSIANA MARIA D¹ALMEIDA                Avenida Antonio Dias Bastos, 65                     18130350                                                            000002
1                   000902692011248461-3397                   0000000000000003397100000000002               013397      09051200000015000000000000012N030412000000000000000000000000000000000000000000000000000000000000000100023170086863TASSIANA MARIA D¹ALMEIDA                Avenida Antonio Dias Bastos, 65                     18130350                                                            000003
1                   000902692011248461-3398                   0000000000000003398P00000000002               013398      09061200000015000000000000012N030412000000000000000000000000000000000000000000000000000000000000000100023170086863TASSIANA MARIA D¹ALMEIDA                Avenida Antonio Dias Bastos, 65                     18130350                                                            000004
1                   000902692011248461-3399                   0000000000000003399800000000002               013399      13041200000000840000000000012N030412120000000000002800000000000000000000000000000000000000000000000262232889000190Banco Daycoval S/A                      Avenida Paulista ,1793-02º Andar                    01311200                                                            000005
1                   000902692011248461-3400                   0000000000000003400500000000002               013400      13041200000000195000000000012N030412120000000000000650000000000000000000000000000000000000000000000200360305024550104 Caixa Econômica Federal             Avenida Doutor Gastão Vidigal,1437                  05314000                                                            000006
1                   000902692011248461-3401                   0000000000000003401300000000002               013401      13041200000000374560000000012N030412120000000000001250000000000000000000000000000000000000000000000253283180000122Tesheiner Cavassani e Giacomazi AdvogadoRua João Adolfo,118-Conj. 405                       01050020                                                            000007
1                   000902692011248461-3402                   0000000000000003402100000000002               013402      13041200000000306600000000012N030412120000000000001020000000000000000000000000000000000000000000000253283180000122Tesheiner Cavassani e Giacomazi AdvogadoRua João Adolfo,118-Conj. 405                       01050020                                                            000008
1                   000902692011248461-3407                   0000000000000003407200000000002               013407      14041200000000195000000000012N040412120000000000000650000000000000000000000000000000000000000000000212403458000170Escola de Inglês Bocaiúva Ltda.         Rua Bocaiúva,1795                                   88015530                                                            000009
1                   000902692011248461-3406                   0000000000000003406400000000002               013406      14041200000000192000000000012N040412120000000000000640000000000000000000000000000000000000000000000203513451000110NERONE DO BRASIL CIA. Securitizadora de Avenida Paulista,726-Sala 1410 - 14º and            01310100                                                            000010
1                   000902692011248461-3405                   0000000000000003405600000000002               013405      05041200000010000000000000012N040412000000000000000000000000000000000000000000000000000000000000000100058324925791MARCIO ANTONIO MACHADO SOARES           Rua Candido Cristh,72                               25625180                                                            000011
1                   000902692011248461-3408                   0000000000000003408000000000002               013408      14041200000000180000000000012N040412120000000000000600000000000000000000000000000000000000000000000100017683448842LUIS MARTINS NETTO                      Rua Barão de Ladário,670-Sl. 404                    03010000                                                            000012
1                   000902692011248461-3409                   0000000000000003409900000000002               013409      14041200000000180000000000012N040412120000000000000600000000000000000000000000000000000000000000000100017683448842LUIS MARTINS NETTO                      Rua Barão de Ladário,670-Sl. 404                    03010000                                                            000013
1                   000902692011248461-3410                   0000000000000003410200000000002               013410      16041200000017500000000000012N040412000000000000000000000000000000000000000000000000000000000000000100073773654391ANDRE LEAL GUERRA LIRIO                 Rua E-18 – Condomínio Parque Jardins                48100000                                                            000014
1                   000902692011248461-3411                   0000000000000003411000000000002               013411      16051200000017500000000000012N040412000000000000000000000000000000000000000000000000000000000000000100073773654391ANDRE LEAL GUERRA LIRIO                 Rua E-18 – Condomínio Parque Jardins                48100000                                                            000015
1                   000902692011248461-3412                   0000000000000003412900000000002               013412      13041200000010000000000000012N040412000000000000000000000000000000000000000000000000000000000000000100032207293807JULIANA MARIANO DE ALMEIDA CARMARGO     Profº. Aristeu de Almeida Camargo, 204              18405001                                                            000016
1                   000902692011248461-3413                   0000000000000003413700000000002               013413      28051200000010000000000000012N040412000000000000000000000000000000000000000000000000000000000000000100032207293807JULIANA MARIANO DE ALMEIDA CARMARGO     Profº. Aristeu de Almeida Camargo, 204              18405001                                                            000017
1                   000902692011248461-3414                   0000000000000003414500000000002               013414      13041200000035000000000000012N040412000000000000000000000000000000000000000000000000000000000000000100013530681881DIRCEU KICE                             Rua Costa Barros, 2200 Bloco 01 Apto 64             03210001                                                            000018
1                   000902692011248461-3415                   0000000000000003415300000000002               013415      15041200000000538300000000012N050412120000000000001790000000000000000000000000000000000000000000000205888414000112CREAÇÕES MX FASHION LIMITADA            Rua Aimorés ,210                                    01122010                                                            000019
1                   000902692011248461-3416                   0000000000000003416100000000002               013416      15041200000000851040000000012N050412120000000000002840000000000000000000000000000000000000000000000203513451000110NERONE DO BRASIL CIA. Securitizadora de Avenida Paulista,726-Sala 1410 - 14º and            01310100                                                            000020
1                   000902692011248461-3417                   0000000000000003417P00000000002               013417      15041200000000280000000000012N050412120000000000000930000000000000000000000000000000000000000000000262232889000190Banco Daycoval S/A                      Avenida Paulista ,1793-02º Andar                    01311200                                                            000021
1                   000902692011248461-3418                   0000000000000003418800000000002               013418      15041200000000400000000000012N050412120000000000001330000000000000000000000000000000000000000000000217184037010506389 Banco Mercantil do Brasil S.A.      Avenida Paulista ,923                               01311100                                                            000022
1                   000902692011248461-3419                   0000000000000003419600000000002               013419      15041200000000050000000000012N050412120000000000000170000000000000000000000000000000000000000000000258838277000178INSTAR CONFECÇÕES LTDA - EPP            Rua Casimiro de Abreu ,447                          03013001                                                            000023
1                   000902692011248461-3420                   0000000000000003420P00000000002               013420      15041200000000100000000000012N050412120000000000000330000000000000000000000000000000000000000000000205341148000103FUSÃO SOLUÇÕES PARA MEDICINA LTDA       Rua Funchal,538-CJ 115                              04551060                                                            000024
1                   000902692011248461-3421                   0000000000000003421800000000002               013421      15041200000000100000000000012N050412120000000000000330000000000000000000000000000000000000000000000205341148000103FUSÃO SOLUÇÕES PARA MEDICINA LTDA       Rua Funchal,538-CJ 115                              04551060                                                            000025
1                   000902692011248461-3422                   0000000000000003422600000000002               013422      15041200000000100000000000012N050412120000000000000330000000000000000000000000000000000000000000000205341148000103FUSÃO SOLUÇÕES PARA MEDICINA LTDA       Rua Funchal,538-CJ 115                              04551060                                                            000026
1                   000902692011248461-3423                   0000000000000003423400000000002               013423      15041200000000100000000000012N050412120000000000000330000000000000000000000000000000000000000000000200360305159723Caixa Econômica Federal - CLINICAS, SP  Rua Teodoro Sampaio ,429                            05405000                                                            000027
1                   000902692011248461-3424                   0000000000000003424200000000002               013424      15041200000000278150000000012N050412120000000000000930000000000000000000000000000000000000000000000256228174000160COLCENTER INDUSTRIA E COMERCIO DE CONFECRua Maria Marcolina ,536                            03011000                                                            000028
1                   000902692011248461-3425                   0000000000000003425000000000002               013425      15041200000000808520000000012N050412120000000000002700000000000000000000000000000000000000000000000253283180000122Tesheiner Cavassani e Giacomazi AdvogadoRua João Adolfo,118-Conj. 405                       01050020                                                            000029
1                   000902692011248461-3242                   0000000000000003242800000000002               063242      13041200000000138000000000012N230312120000000000010000000000000000000000000000000000000000000000000203513451000110NERONE DO BRASIL CIA. Securitizadora de Avenida Paulista,726-Sala 1410 - 14º and            01310100                                                            000030
1                   000902692011248461-3242                   0000000000000003242800000000002               023242      13041200000000138000000000012N230312120000000000010000000000000000000000000000000000000000000000000203513451000110NERONE DO BRASIL CIA. Securitizadora de Avenida Paulista,726-Sala 1410 - 14º and            01310100                                                            000031
1                   000902692011248461-3173                   0000000000000003173100000000002               023173      26031200000020000000000000012N120312000000000000000000000000000000000000000000000000000000000000000100051959143700CARLOS ALBERTO ROCHA DE MELO            Av. Prefeito José Guimarães, 291 Casa               28940000                                                            000032
9                                                                                                                                                                                                                                                                                                                                                                                                         000033