01REMESSA01COBRANCA       00000000000004130991SISTEMA DE CARTóRIO CERTIDõES 237BRADESCO       090611        MX0000382                                                                                                                                                                                                                                                                                     000001
1                   000902692011248461-885                    0000000000000000885300000000002               01885       20061100000000029000000000012N080611000000000000000100000000000000000000000000000000000000000000000210377191000169ACM  Legalizações Empresariais Ltda. - MAvenida Capitão Mário Toledo de Camargo,            09170150                                                            000002
1                   000902692011248461-886                    0000000000000000886100000000002               01886       20061100000000029000000000012N080611000000000000000100000000000000000000000000000000000000000000000210377191000169ACM  Legalizações Empresariais Ltda. - MAvenida Capitão Mário Toledo de Camargo,            09170150                                                            000003
1                   000902692011248461-887                    0000000000000000887P00000000002               01887       20061100000000120000000000012N090611000000000000000400000000000000000000000000000000000000000000000211107402000106MARCONE E MARCELO SERVIÇOS AUTOMOTIVOS LAvenida Engenheiro George Corbisier ,273            04345000                                                            000004
1                   000902692011248461-888                    0000000000000000888800000000002               01888       20061100000000464320000000012N090611000000000000001550000000000000000000000000000000000000000000000208344024000170GAE CONFECÇÕES DE ROUPAS LTDA EPP       Rua Mendes Júnior,539                               03013010                                                            000005
1                   000902692011248461-889                    0000000000000000889600000000002               01889       20061100000000194000000000012N090611000000000000000650000000000000000000000000000000000000000000000262232889000190Banco Daycoval S/A                      Avenida Paulista ,1793-02º Andar                    01311200                                                            000006
1                   000902692011248461-724                    0000000000000000724500000000002               02724       30051100000000100000000000012N180511000000000000010000000000000000000000000000000000000000000000000100003101544807LIU CHOU CHIA  YING                     Rua Cunha Horta,83-Ap. 13                           01221030                                                            000007
1                   000902692011248461-711                    0000000000000000711300000000002               02711       23051100000000076000000000012N130511000000000000010000000000000000000000000000000000000000000000000233479023000180CITIBANK RISK MANAGEMENT                Avenida Paulista,1.111-2º andar                     01311920                                                            000008
1                   000902692011248461-723                    0000000000000000723700000000002               02723       30051100000000200000000000012N180511000000000000010000000000000000000000000000000000000000000000000233479023000180CITIBANK RISK MANAGEMENT                Avenida Paulista,1.111-2º andar                     01311920                                                            000009
1                   000902692011248461-718                    0000000000000000718000000000002               02718       26051100000000340000000000012N160511000000000000010000000000000000000000000000000000000000000000000233479023000180CITIBANK RISK MANAGEMENT                Avenida Paulista,1.111-2º andar                     01311920                                                            000010
9                                                                                                                                                                                                                                                                                                                                                                                                         000011