01REMESSA01COBRANCA       00000000000004130991SISTEMA DE CARTóRIO CERTIDõES 237BRADESCO       090312        MX0000510                                                                                                                                                                                                                                                                                     000001
1                   000902692011248461-3151                   0000000000000003151000000000002               013151      16031200000000330100000000012N060312120000000000001100000000000000000000000000000000000000000000000253283180000122Tesheiner Cavassani e Giacomazi AdvogadoRua João Adolfo,118-Conj. 405                       01050020                                                            000002
1                   000902692011248461-3152                   0000000000000003152900000000002               013152      16031200000000390430000000012N060312120000000000001300000000000000000000000000000000000000000000000253283180000122Tesheiner Cavassani e Giacomazi AdvogadoRua João Adolfo,118-Conj. 405                       01050020                                                            000003
1                   000902692011248461-3153                   0000000000000003153700000000002               013153      16031200000000150000000000012N060312120000000000000500000000000000000000000000000000000000000000000253283180000122Tesheiner Cavassani e Giacomazi AdvogadoRua João Adolfo,118-Conj. 405                       01050020                                                            000004
1                   000902692011248461-3154                   0000000000000003154500000000002               013154      16031200000000352610000000012N060312120000000000001180000000000000000000000000000000000000000000000253283180000122Tesheiner Cavassani e Giacomazi AdvogadoRua João Adolfo,118-Conj. 405                       01050020                                                            000005
1                   000902692011248461-3155                   0000000000000003155300000000002               013155      16031200000000339070000000012N060312120000000000001130000000000000000000000000000000000000000000000253283180000122Tesheiner Cavassani e Giacomazi AdvogadoRua João Adolfo,118-Conj. 405                       01050020                                                            000006
1                   000902692011248461-3156                   0000000000000003156100000000002               013156      16031200000000354120000000012N060312120000000000001180000000000000000000000000000000000000000000000253283180000122Tesheiner Cavassani e Giacomazi AdvogadoRua João Adolfo,118-Conj. 405                       01050020                                                            000007
1                   000902692011248461-3157                   0000000000000003157P00000000002               013157      16031200000000464600000000012N060312120000000000001550000000000000000000000000000000000000000000000253283180000122Tesheiner Cavassani e Giacomazi AdvogadoRua João Adolfo,118-Conj. 405                       01050020                                                            000008
1                   000902692011248461-3158                   0000000000000003158800000000002               013158      16031200000000284070000000012N060312120000000000000950000000000000000000000000000000000000000000000202682287000102PANAMERICANO ARRENDAMENTO MERCANTIL     Av. Paulista, 2.240                                 01310300                                                            000009
1                   000902692011248461-3159                   0000000000000003159600000000002               013159      16031200000000076000000000012N060312120000000000000250000000000000000000000000000000000000000000000203723171000137E Cunha Consultoria Empresarial Ltda.   Rua Nova York ,959                                  04560002                                                            000010
1                   000902692011248461-3160                   0000000000000003160P00000000002               013160      16031200000000170000000000012N060312120000000000000570000000000000000000000000000000000000000000000209624793000194BIANCHINI SOCIEDADE DE ADVOGADOS        Avenida Pedroso de Morais,2315                      05419001                                                            000011
1                   000902692011248461-3161                   0000000000000003161800000000002               013161      19031200000006000000000000012N080312000000000000000000000000000000000000000000000000000000000000000213406670000154RODRIGUES E VIEIRA LTDA.                Q 208 Sul – Av. LO 03 – Lote 11                     77020542Sala 02 – Edificio Vitoria                                  000012
1                   000902692011248461-3162                   0000000000000003162600000000002               013162      19031200000000100000000000012N090312120000000000000330000000000000000000000000000000000000000000000253283180000122Tesheiner Cavassani e Giacomazi AdvogadoRua João Adolfo,118-Conj. 405                       01050020                                                            000013
1                   000902692011248461-2764                   0000000000000002764500000000002               022764      13021200000000700000000000012N020212120000000000010000000000000000000000000000000000000000000000000262232889000190Banco Daycoval S/A                      Avenida Paulista ,1793-02º Andar                    01311200                                                            000014
1                   000902692011248461-2972                   0000000000000002972900000000002               062972      12031200000000170200000000012N230212120000000000010000000000000000000000000000000000000000000000000200360305289937104 Caixa Econômica Federal             Avenida Brigadeiro Luís Antônio,580                 01318000                                                            000015
1                   000902692011248461-2928                   0000000000000002928100000000002               062928      19031200000001062380000000012N100212120000000000010000000000000000000000000000000000000000000000000201701201000189HSBC Bank Brasil S.A. - Banco Multiplo -Rua Doutor Seidel,425                               05315000                                                            000016
1                   000902692011248461-2911                   0000000000000002911700000000002               062911      19031200000000246000000000012N090212120000000000010000000000000000000000000000000000000000000000000201701201000189HSBC Bank Brasil S.A. - Banco Multiplo -Rua Doutor Seidel,,425                              05315000                                                            000017
1                   000902692011248461-2848                   0000000000000002848P00000000002               022848      08021200000000500000000000012N020212000000000000010000000000000000000000000000000000000000000000000114834058000145PEREIRA CARREIRO INTERMEDIAÇÃO CARTORARIRua Paulo Leopoldo Marçal,108-B                     27213280Protesto após 5 dias                                        000018
1                   000902692011248461-2901                   0000000000000002901P00000000002               022901      20021200000000060000000000012N090212120000000000010000000000000000000000000000000000000000000000000100000303916877Enio T. momma                           Rua Luiz Faccini,404                                07110000                                                            000019
1                   000902692011248461-2779                   0000000000000002779300000000002               022779      08021200000000062600000000012N020212000000000000010000000000000000000000000000000000000000000000000111564744000155SARAIVA´S CONSULTORIA EMPRESARIAL LTDA  Rua Prefeito José Santana Trigueiro,183             32604188Protesto após 5 dias                                        000020
9                                                                                                                                                                                                                                                                                                                                                                                                         000021