01REMESSA01COBRANCA       00000000000004130991SISTEMA DE CARTóRIO CERTIDõES 237BRADESCO       091111        MX0000468                                                                                                                                                                                                                                                                                     000001
1                   000902692011248461-2158                   0000000000000002158200000000002               012158      17111100000002374920000000012N081111000000000000000000000000000000000000000000000000000000000000000100010056865805MIRIAN CRISTINA BATISTA ZANATA          RUA MARIA AGOSTINELLI, 105 - BL 02 - APT            22775046                                                            000002
1                   000902692011248461-2159                   0000000000000002159000000000002               012159      21111100000000213510000000012N091111120000000000000710000000000000000000000000000000000000000000000205888414000112CREAÇÕES MX FASHION LIMITADA            Rua Aimorés,210                                     01122010                                                            000003
1                   000902692011248461-2160                   0000000000000002160400000000002               012160      21111100000000184000000000012N091111120000000000000610000000000000000000000000000000000000000000000201701201000189HSBC Bank Brasil S.A. - Banco Multiplo -Rua Doutor Seidel,425                               05315000                                                            000004
1                   000902692011248461-2161                   0000000000000002161200000000002               012161      21111100000000340000000000012N091111120000000000001130000000000000000000000000000000000000000000000209624793000194BIANCHINI SOCIEDADE DE ADVOGADOS        Avenida Pedroso de Morais,2315                      05419001                                                            000005
1                   000902692011248461-2162                   0000000000000002162000000000002               012162      21111100000000140000000000012N091111120000000000000470000000000000000000000000000000000000000000000203513451000110NERONE DO BRASIL CIA. Securitizadora de Avenida Paulista,726-Sala 1410 - 14º and            01310100                                                            000006
1                   000902692011248461-2163                   0000000000000002163900000000002               012163      24111100000000140000000000012N091111120000000000000470000000000000000000000000000000000000000000000209263012000183Fundo de Investimento em Direitos CreditAvenida Paulista ,1499-19º. Andar                   01311200                                                            000007
1                   000902692011248461-2164                   0000000000000002164700000000002               012164      21111100000000246000000000012N091111120000000000000820000000000000000000000000000000000000000000000201701201000189HSBC Bank Brasil S.A. - Banco Multiplo -Rua Doutor Seidel,,425                              05315000                                                            000008
1                   000902692011248461-2165                   0000000000000002165500000000002               012165      21111100000000050000000000012N091111120000000000000170000000000000000000000000000000000000000000000253283180000122Tesheiner Cavassani e Giacomazi AdvogadoRua João Adolfo,118-Conj. 405                       01050020                                                            000009
1                   000902692011248461-2166                   0000000000000002166300000000002               012166      21111100000000070000000000012N091111120000000000000230000000000000000000000000000000000000000000000208679884000164FARES HALABIYAH JUNIOR - ME             Rua Itinguçu ,2413                                  03658001                                                            000010
1                   000902692011248461-1730                   0000000000000001730500000000002               021730      03101100000000179000000000012N230911120000000000010000000000000000000000000000000000000000000000000100007844075848CIRIA NIVALDA SCHIMIDT                  Avenida Monteiro Lobato,5454                        07180000                                                            000011
1                   000902692011248461-1733                   0000000000000001733P00000000002               021733      03101100000000184000000000012N230911120000000000010000000000000000000000000000000000000000000000000100031310328803ANDRE COSTA NASCIMENTO                  Avenida Leonardo da Vinci,1268                      04313001                                                            000012
9                                                                                                                                                                                                                                                                                                                                                                                                         000013