01REMESSA01COBRANCA       00000000000004130991SISTEMA DE CARTóRIO CERTIDõES 237BRADESCO       090811        MX0000419                                                                                                                                                                                                                                                                                     000001
1                   000902692011248461-1365                   0000000000000001365200000000002               011365      18081100000000100000000000012N080811120000000000000330000000000000000000000000000000000000000000000201211626000100Yale La Fonte Sistemas de Segurança LtdaRua Augusto Ferreira de Morais ,618                 04763001                                                            000002
1                   000902692011248461-1366                   0000000000000001366000000000002               011366      19081100000000100000000000012N090811120000000000000330000000000000000000000000000000000000000000000200360305319356104 Caixa Econômica Federal             Av. Vereador José Diniz, ,3600                      04604005                                                            000003
1                   000902692011248461-1364                   0000000000000001364400000000002               311364      18081100000000537280000000012N080811120000000000010000000000000000000000000000000000000000000000000233479023000180BANCO CITIBANK S.A                      Avenida Paulista, nº 1.111, 2º andar,1.1            01311920                                                            000004
9                                                                                                                                                                                                                                                                                                                                                                                                         000005