01REMESSA01COBRANCA       00000000000004130991SISTEMA DE CARTóRIO CERTIDõES 237BRADESCO       090112        MX0000491                                                                                                                                                                                                                                                                                     000001
1                   000902692011248461-2606                   0000000000000002606100000000002               012606      16011200000000871650000000012N040112120000000000002910000000000000000000000000000000000000000000000244526952000119MATSUBARA HOTEIS E TURISMO LTDA         Rua Professor José Paulo, ,80                       12460000                                                            000002
1                   000902692011248461-2607                   0000000000000002607P00000000002               012607      16011200000000246000000000012N040112120000000000000820000000000000000000000000000000000000000000000200360305023902104 Caixa Econômica Federal             Rua Augusta,2514/2516                               01412100                                                            000003
1                   000902692011248461-2608                   0000000000000002608800000000002               012608      16011200000000056000000000012N050112120000000000000190000000000000000000000000000000000000000000000100000950617890Marcia Regina Coutinho                  Rua Fábia,138-ap-232A                               05051030                                                            000004
1                   000902692011248461-2609                   0000000000000002609600000000002               012609      20011200000000320000000000012N050112120000000000001070000000000000000000000000000000000000000000000209263012000183Fundo de Investimento em Direitos CreditAvenida Paulista ,1499-19º. Andar                   01311200                                                            000005
1                   000902692011248461-2610                   0000000000000002610P00000000002               012610      16011200000000333000000000012N050112120000000000001110000000000000000000000000000000000000000000000203723171000137E Cunha Consultoria Empresarial Ltda.   Rua Nova York ,959                                  04560002                                                            000006
1                   000902692011248461-2611                   0000000000000002611800000000002               012611      16011200000000040250000000012N050112120000000000000130000000000000000000000000000000000000000000000210377191000169ACM ASSESSORIA CONTABIL LTDA            Avenida Capitão Mário Toledo de Camargo,            09170150                                                            000007
1                   000902692011248461-2612                   0000000000000002612600000000002               012612      16011200000000849560000000012N050112120000000000002830000000000000000000000000000000000000000000000207450604000189Bicbanco S/A                            Avenida Paulista , ,1048-12º andar                  01310100                                                            000008
1                   000902692011248461-2613                   0000000000000002613400000000002               012613      16011200000000230000000000012N050112120000000000000770000000000000000000000000000000000000000000000202214016000203PINKERTON DO BRASIL LTDA.               Avenida Presidente Wilson ,210-14º ANDAR            20030020                                                            000009
1                   000902692011248461-2614                   0000000000000002614200000000002               012614      16011200000000086000000000012N0501121200000000000002900000000000000000000000000000000000000000000002000000006694071 Banco do Brasil S.A.                  Largo Sete de Setembro,S/N-(dentro do Fó            01501050                                                            000010
1                   000902692011248461-2615                   0000000000000002615000000000002               012615      16011200000000200000000000012N060112120000000000000670000000000000000000000000000000000000000000000229557105000128COMPANHIA DE MARCAS                     Rua São Miguel, 11                                  20530420                                                            000011
1                   000902692011248461-2616                   0000000000000002616900000000002               012616      16011200000000337910000000012N060112120000000000001130000000000000000000000000000000000000000000000259285411000113BANCO PANAMERICANO S/A                  Av Paulista , 2.240                                 01310300                                                            000012
1                   000902692011248461-2617                   0000000000000002617700000000002               012617      16011200000000304000000000012N060112120000000000001010000000000000000000000000000000000000000000000201701201000189HSBC Bank Brasil S.A. - Banco Multiplo -Rua Doutor Seidel,425                               05315000                                                            000013
1                   000902692011248461-2618                   0000000000000002618500000000002               012618      16011200000000060000000000012N060112120000000000000200000000000000000000000000000000000000000000000201318126000171DR RAMOS ADVOGADOS ASSOCIADOS.          Rua Voluntários da Pátria,2540                      02402000                                                            000014
1                   000902692011248461-2619                   0000000000000002619300000000002               012619      23011200000000200000000000012N060112120000000000000670000000000000000000000000000000000000000000000209263012000183Fundo de Investimento em Direitos CreditAvenida Paulista ,1499-19º. Andar                   01311200                                                            000015
1                   000902692011248461-2443                   0000000000000002443300000000002               062443      05011200000000300000000000012N131211120000000000010000000000000000000000000000000000000000000000000200360305025441104 Caixa Econômica Federal             RUA: Joaquim Floriano, ,446                         04534002                                                            000016
1                   000902692011248461-2450                   0000000000000002450600000000002               062450      05011200000000100000000000012N141211120000000000010000000000000000000000000000000000000000000000000200360305025441104 Caixa Econômica Federal             RUA: Joaquim Floriano, ,446                         04534002                                                            000017
1                   000902692011248461-2490                   0000000000000002490500000000002               062490      05011200000000100000000000012N201211120000000000010000000000000000000000000000000000000000000000000200360305025441104 Caixa Econômica Federal             RUA: Joaquim Floriano, ,446                         04534002                                                            000018
1                   000902692011248461-2461                   0000000000000002461100000000002               062461      05011200000000568000000000012N141211120000000000010000000000000000000000000000000000000000000000000200360305023902104 Caixa Econômica Federal             Rua Augusta,2514/2516                               01412100                                                            000019
1                   000902692011248461-2515                   0000000000000002515400000000002               022515      13011200000000277000000000012N291211120000000000010000000000000000000000000000000000000000000000000209263012000183Fundo de Investimento em Direitos CreditAvenida Paulista ,1499-19º. Andar                   01311200                                                            000020
1                   000902692011248461-2475                   0000000000000002475100000000002               022475      30121100000000217000000000012N161211120000000000010000000000000000000000000000000000000000000000000209263012000183Fundo de Investimento em Direitos CreditAvenida Paulista ,1499-19º. Andar                   01311200                                                            000021
1                   000902692011248461-2453                   0000000000000002453000000000002               062453      16011200000000109000000000012N141211120000000000010000000000000000000000000000000000000000000000000229557105000128COMPANHIA DE MARCAS                     Rua São Miguel, 11                                  20530420                                                            000022
1                   000902692011248461-2453                   0000000000000002453000000000002               312453      16011200000000109000000000012N141211120000000000010000000000000000000000000000000000000000000000000229557105000128COMPANHIA DE MARCAS                     Rua São Miguel, 11                                  20530420                                                            000023
1                   000902692011248461-2454                   0000000000000002454900000000002               062454      16011200000000129000000000012N141211120000000000010000000000000000000000000000000000000000000000000229557105000128COMPANHIA DE MARCAS                     Rua São Miguel, 11                                  20530420                                                            000024
1                   000902692011248461-2454                   0000000000000002454900000000002               312454      16011200000000129000000000012N141211120000000000010000000000000000000000000000000000000000000000000229557105000128COMPANHIA DE MARCAS                     Rua São Miguel, 11                                  20530420                                                            000025
1                   000902692011248461-2506                   0000000000000002506500000000002               022506      12011200000000437260000000012N281211120000000000010000000000000000000000000000000000000000000000000209263012000183Fundo de Investimento em Direitos CreditAvenida Paulista ,1499-19º. Andar                   01311200                                                            000026
1                   000902692011248461-2306                   0000000000000002306200000000002               022306      19121100000000840000000000012N301111120000000000010000000000000000000000000000000000000000000000000209263012000183Fundo de Investimento em Direitos CreditAvenida Paulista ,1499-19º. Andar                   01311200                                                            000027
1                   000902692011248461-2511                   0000000000000002511100000000002               062511      11011200000000210000000000012N281211120000000000010000000000000000000000000000000000000000000000000200360305267887104 Caixa Econômica Federal             Rua São Joaquim ,69-5º andar                        01508001                                                            000028
9                                                                                                                                                                                                                                                                                                                                                                                                         000029