01REMESSA01COBRANCA       00000000000004130991SISTEMA DE CARTóRIO CERTIDõES 237BRADESCO       090412        MX0000520                                                                                                                                                                                                                                                                                     000001
1                   000902692011248461-3426                   0000000000000003426900000000002               013426      13041200000015000000000000012N090412000000000000000000000000000000000000000000000000000000000000000100027986297808FERNANDA TAÍS FRANZOLIN STOCO           RUA JASMIN, 241 – APTO. 51                          13087460                                                            000002
1                   000902692011248461-3427                   0000000000000003427700000000002               013427      30041200000015000000000000012N090412000000000000000000000000000000000000000000000000000000000000000100027986297808FERNANDA TAÍS FRANZOLIN STOCO           RUA JASMIN, 241 – APTO. 51                          13087460                                                            000003
1                   000902692011248461-3428                   0000000000000003428500000000002               013428      16041200000025000000000000012N090412000000000000000000000000000000000000000000000000000000000000000100005523439606 BRUNA FERNANDA GIL TEIXEIRA            Rua Maria Glayds Lopes Cançado, 20                  35650000                                                            000004
1                   000902692011248461-3429                   0000000000000003429300000000002               013429      30051200000025000000000000012N090412000000000000000000000000000000000000000000000000000000000000000100005523439606BRUNA FERNANDA GIL TEIXEIRA             Rua Maria Glayds Lopes Cançado, 20                  35650000                                                            000005
1                   000902692011248461-3430                   0000000000000003430700000000002               013430      19041200000001298130000000012N090412120000000000004330000000000000000000000000000000000000000000000200360305000104104 Caixa Econômica Federal             Avenida Presidente Juscelino Kubitschek,            04543010                                                            000006
1                   000902692011248461-3431                   0000000000000003431500000000002               013431      19041200000000238000000000012N090412120000000000000790000000000000000000000000000000000000000000000200360305122137104 Caixa Econômica Federal             Av. Professor Francisco Morato,1415,1415            05513100                                                            000007
9                                                                                                                                                                                                                                                                                                                                                                                                         000008