01REMESSA01COBRANCA       00000000000004130991SISTEMA DE CARTóRIO CERTIDõES 237BRADESCO       090511        MX0000359                                                                                                                                                                                                                                                                                     000001
1                   000902692011248461-658                    0000000000000000658300000000002               01658       16051100000000090000000000012N060511000000000000000300000000000000000000000000000000000000000000000100036120799800DIEGO VIEIRA DOS SANTOS                 ESTRADA NOEL PIRES RUA 2,4319                       06900000                                                            000002
1                   000902692011248461-659                    0000000000000000659100000000002               01659       16051100000000470000000000012N060511000000000000001570000000000000000000000000000000000000000000000200360305160810104 Caixa Econômica Federal             Rua Antônio Bernardo Coutinho,,149                  06013050                                                            000003
1                   000902692011248461-660                    0000000000000000660500000000002               01660       16051100000000420000000000012N060511000000000000001400000000000000000000000000000000000000000000000200360305100400104 Caixa Econômica Federal             Rua São Bento, 397  - 1º Andar,397                  01011100                                                            000004
1                   000902692011248461-661                    0000000000000000661300000000002               01661       16051100000000076000000000012N060511000000000000000250000000000000000000000000000000000000000000000200360305267887104 Caixa Econômica Federal             Rua São Joaquim ,69-5º andar                        01508001                                                            000005
1                   000902692011248461-662                    0000000000000000662100000000002               01662       16051100000000420600000000012N060511000000000000001400000000000000000000000000000000000000000000000200360305267887104 Caixa Econômica Federal             Rua São Joaquim ,69-5º andar                        01508001                                                            000006
1                   000902692011248461-663                    0000000000000000663P00000000002               01663       16051100000000100000000000012N060511000000000000000330000000000000000000000000000000000000000000000210946207000107Mercearia Digital Comércio Eletrônico LtRua Gomes de Carvalho,1266-Conjunto 61              04547005                                                            000007
1                   000902692011248461-664                    0000000000000000664800000000002               01664       16051100000000254000000000012N060511000000000000000850000000000000000000000000000000000000000000000203723171000137E Cunha Consultoria Empresarial Ltda.   Rua Nova York ,959-conj. 52                         04560002                                                            000008
1                   000902692011248461-665                    0000000000000000665600000000002               01665       16051100000000170000000000012N060511000000000000000570000000000000000000000000000000000000000000000233479023000180CITIBANK RISK MANAGEMENT                Avenida Paulista, nº 1.111, 2º andar,1.1            01311920                                                            000009
1                   000902692011248461-666                    0000000000000000666400000000002               01666       16051100000000486680000000012N060511000000000000001620000000000000000000000000000000000000000000000205888414000112CREAÇÕES MX FASHION LIMITADA            Rua Aimorés - lado par,210                          01122010                                                            000010
1                   000902692011248461-667                    0000000000000000667200000000002               01667       16051100000000106000000000012N060511000000000000000350000000000000000000000000000000000000000000000100094759243887BETTY ROSE KURC                         Rua Correia de Melo,44                              01123020                                                            000011
1                   000902692011248461-668                    0000000000000000668000000000002               01668       16051100000000144000000000012N060511000000000000000480000000000000000000000000000000000000000000000100049546120472JOÃO JOAQUIM DA SILVA                   Rua Jacó do Bandolin,625                            09433210                                                            000012
1                   000902692011248461-669                    0000000000000000669900000000002               01669       16051100000035000000000000012N060511060500000000000000000000000000000000000000000000000000000000000100057822450263RUI FRAZAO DE SOUZA                     RUA DOS PARIQUIS, 1880 APTO 602                     66033590                                                            000013
1                   000902692011248461-670                    0000000000000000670200000000002               01670       16051100000000117000000000012N060511000000000000000390000000000000000000000000000000000000000000000100005155597846CELINA FERREIRA DE LIMA                 RUA OTAVIANO J. DE ALMEIDA,47A                      06317280                                                            000014
1                   000902692011248461-671                    0000000000000000671000000000002               01671       09051100000040000000000000012N060511060500000000000000000000000000000000000000000000000000000000000100032901307892LETICIA CRISTINA L. PEREIRA DE OLIVEIRA RUA ABID BUCHALA, 150 APTO 43 - BL A                15091320                                                            000015
1                   000902692011248461-672                    0000000000000000672900000000002               01672       19051100000000091100000000012N090511060500000000000000000000000000000000000000000000000000000000000100069344116504M.A. MUNIZ SANTOS - ME                  AV. LIMEIRA, 722 - LOJA C44                         13414900                                                            000016
1                   000902692011248461-673                    0000000000000000673700000000002               01673       19051100000000076000000000012N090511000000000000000250000000000000000000000000000000000000000000000200360305267887104 Caixa Econômica Federal             Rua São Joaquim ,69-5º andar                        01508001                                                            000017
1                   000902692011248461-583                    0000000000000000583800000000002               02583       12051100000000094000000000012N020511000000000000010000000000000000000000000000000000000000000000000100093938845449JOSÉ CICERO DOS SANTOS                   Rua Adutora Rio Claro,376                          09390500                                                            000018
1                   000902692011248461-587                    0000000000000000587000000000002               02587       13051100000000270600000000012N030511000000000000010000000000000000000000000000000000000000000000000100069344116504M.A. MUNIZ SANTOS - ME                  AV: LIMEIRA ,722-LOJA C44                           13414900                                                            000019
9                                                                                                                                                                                                                                                                                                                                                                                                         000020