01REMESSA01COBRANCA       00000000000004130991SISTEMA DE CARTóRIO CERTIDõES 237BRADESCO       100811        MX0000420                                                                                                                                                                                                                                                                                     000001
1                   000902692011248461-1367                   0000000000000001367900000000002               011367      19081100000003282020000000012N090811120000000000010940000000000000000000000000000000000000000000000270030457000809TRIGUEIROFONTES  ADVOGADOS              Rua Haddock Lobo ,846-13 andar  Prédio B            01414000                                                            000002
1                   000902692011248461-985                    0000000000000000985P00000000002               02985       18071100000000076000000000012N290611120000000000010000000000000000000000000000000000000000000000000209263012000183Fundo de Investimento em Direitos CreditAvenida Paulista ,1499-19º. Andar                   01311200                                                            000003
1                   000902692011248461-1192                   0000000000000001192700000000002               021192      04081100000000328020000000012N250711120000000000010000000000000000000000000000000000000000000000000209263012000183Fundo de Investimento em Direitos CreditAvenida Paulista ,1499-19º. Andar                   01311200                                                            000004
1                   000902692011248461-1220                   0000000000000001220600000000002               021220      12081100000000399000000000012N260711120000000000010000000000000000000000000000000000000000000000000209263012000183Fundo de Investimento em Direitos CreditAvenida Paulista ,1499-19º. Andar                   01311200                                                            000005
1                   000902692011248461-1238                   0000000000000001238900000000002               021238      08081100000000080000000000012N290711120000000000010000000000000000000000000000000000000000000000000209263012000183Fundo de Investimento em Direitos CreditAvenida Paulista ,1499-19º. Andar                   01311200                                                            000006
9                                                                                                                                                                                                                                                                                                                                                                                                         000007