01REMESSA01COBRANCA       00000000000004130991SISTEMA DE CARTóRIO CERTIDõES 237BRADESCO       100611        MX0000383                                                                                                                                                                                                                                                                                     000001
1                   000902692011248461-890                    0000000000000000890P00000000002               01890       20061100000000076000000000012N090611000000000000000250000000000000000000000000000000000000000000000200360305267887104 Caixa Econômica Federal             Rua São Joaquim ,69-5º andar                        01508001                                                            000002
1                   000902692011248461-891                    0000000000000000891800000000002               01891       20061100000000470000000000012N090611000000000000001570000000000000000000000000000000000000000000000200360305308826104 Caixa Econômica Federal             Rua Estuário, ,36                                   04645100                                                            000003
1                   000902692011248461-892                    0000000000000000892600000000002               01892       20061100000000144000000000012N090611000000000000000480000000000000000000000000000000000000000000000100003302842821JANETE SABINO DA SILVA                  Estrada do Carneiro,06                              09330550                                                            000004
1                   000902692011248461-893                    0000000000000000893400000000002               01893       20061100000000030000000000012N090611000000000000000100000000000000000000000000000000000000000000000211107402000106MARCONE E MARCELO SERVIÇOS AUTOMOTIVOS LAvenida Engenheiro George Corbisier ,273            04345000                                                            000005
1                   000902692011248461-894                    0000000000000000894200000000002               01894       20061100000000100000000000012N090611000000000000000330000000000000000000000000000000000000000000000100012880550807EDMAR XAVIER TELES                      Avenida Ragueb Chohfi,7903-Prox. ao Supe            08375000                                                            000006
1                   000902692011248461-895                    0000000000000000895000000000002               01895       20061100000000029000000000012N100611000000000000000100000000000000000000000000000000000000000000000210377191000169ACM  Legalizações Empresariais Ltda. - MAvenida Capitão Mário Toledo de Camargo,            09170150                                                            000007
1                   000902692011248461-896                    0000000000000000896900000000002               01896       20061100000000160000000000012N100611000000000000000530000000000000000000000000000000000000000000000290400888113427353 Banco Santander Brasil S.A.         Rua Júlio Conceição ,456                            01126000                                                            000008
1                   000902692011248461-794                    0000000000000000794600000000002               02794       13061100000000050000000000012N010611000000000000010000000000000000000000000000000000000000000000000100061690368853Paulo Ponzetta                          Rua José Bonifácio ,278                             01003000                                                            000009
1                   000902692011248461-864                    0000000000000000864000000000002               02864       13061100000000035000000000012N030611000000000000010000000000000000000000000000000000000000000000000100061690368853Paulo Ponzetta                          Rua José Bonifácio ,278                             01003000                                                            000010
9                                                                                                                                                                                                                                                                                                                                                                                                         000011