01REMESSA01COBRANCA       00000000000004130991SISTEMA DE CARTÛRIO CERTIDıES 237BRADESCO       100112        MX0000492                                                                                                                                                                                                                                                                                     000001
1                   000902692011248461-2620                   0000000000000002620700000000002               012620      20011200000010000000000000012N100112000000000000000000000000000000000000000000000000000000000000000100073744387534DEBORA CHRISTINA MIRANDA GOMES CERQUEIRAAV MANOEL NOVAES, 777                               47600000                                                            000002
1                   000902692011248461-2621                   0000000000000002621500000000002               012621      20021200000010000000000000012N100112000000000000000000000000000000000000000000000000000000000000000100073744387534DEBORA CHRISTINA MIRANDA GOMES CERQUEIRAAV MANOEL NOVAES, 777                               47600000                                                            000003
1                   000902692011248461-2622                   0000000000000002622300000000002               012622      17011200000060000000000000012N100112000000000000000000000000000000000000000000000000000000000000000100007749050779ANDRE LUIZ DE OLIVEIRA PIRES            RUA JOSE LOPES NOBOA, S/N - LOTE 36                 23835007                                                            000004
1                   000902692011248461-2623                   0000000000000002623100000000002               012623      20011200000009879380000000012N100112120000000000032930000000000000000000000000000000000000000000000207450604000189Bicbanco S/A                            Avenida Paulista , ,1048-12∫ andar                  01310100                                                            000005
1                   000902692011248461-2624                   0000000000000002624P00000000002               012624      20011200000001662680000000012N100112120000000000005540000000000000000000000000000000000000000000000262232889000190Banco Daycoval S/A                      Avenida Paulista ,1793-02∫ Andar                    01311200                                                            000006
1                   000902692011248461-2625                   0000000000000002625800000000002               012625      12011200000000109200000000012N100112000000000000000000000000000000000000000000000000000000000000000100023003307843ALESSANDRA APARECIDA DA SILVA           RUA DOUTOR PROCOPIO DE TOLEDO MALTA, 851            13563002                                                            000007
1                   000902692011248461-2626                   0000000000000002626600000000002               012626      20011200000001260000000000012N100112120000000000004200000000000000000000000000000000000000000000000262232889000190Banco Daycoval S/A                      Avenida Paulista ,1793-02∫ Andar                    01311200                                                            000008
1                   000902692011248461-2486                   0000000000000002486700000000002               062486      16011200000000507280000000012N191211120000000000010000000000000000000000000000000000000000000000000209624793000194BIANCHINI SOCIEDADE DE ADVOGADOS        Avenida Pedroso de Morais,2315                      05419001                                                            000009
1                   000902692011248461-2485                   0000000000000002485900000000002               062485      16011200000000703780000000012N191211120000000000010000000000000000000000000000000000000000000000000209624793000194BIANCHINI SOCIEDADE DE ADVOGADOS        Avenida Pedroso de Morais,2315                      05419001                                                            000010
9                                                                                                                                                                                                                                                                                                                                                                                                         000011