01REMESSA01COBRANCA       00000000000004130991SISTEMA DE CARTóRIO CERTIDõES 237BRADESCO       100511        MX0000360                                                                                                                                                                                                                                                                                     000001
1                   000902692011248461-674                    0000000000000000674500000000002               01674       19051100000000210000000000012N090511000000000000000700000000000000000000000000000000000000000000000200360305413530104 Caixa Econômica Federal             Avenida Guarapiranga,752                            04762001                                                            000002
1                   000902692011248461-675                    0000000000000000675300000000002               01675       19051100000000168000000000012N090511000000000000000560000000000000000000000000000000000000000000000100002869856830FRANCISCA FRANCINEUDA DIAS PINHEIRO     Rua Frei Galvão,79                                  09360050                                                            000003
1                   000902692011248461-676                    0000000000000000676100000000002               01676       12051100000000055950000000012N100511000000000000000000000000000000000000000000000000000000000000000202248702000114MOURA E MENEZES SERVIÇOS ADMINISTRATIVOSRua Dr. Curvelo Cavalcante,189-Loja 315             23810300Protesto após 5 dias                                        000004
1                   000902692011248461-543                    0000000000000000543900000000002               06543       12051100000001401070000000012N260411000000000000010000000000000000000000000000000000000000000000000200360305025441104 Caixa Econômica Federal             RUA: Joaquim Floriano, 446,446                      04534002                                                            000005
1                   000902692011248461-506                    0000000000000000506400000000002               06506       12051100000000100000000000012N150411000000000000010000000000000000000000000000000000000000000000000200360305025441104 Caixa Econômica Federal             Rua Joaquim Floriano ,446                           04534002                                                            000006
1                   000902692011248461-611                    0000000000000000611700000000002               02611       08051100000000079950000000012N030511000000000000010000000000000000000000000000000000000000000000000102248702000114MOURA E MENEZES SERVIÇOS ADMINISTRATIVOSRua Dr. Curvelo Cavalcante,189-Loja 315             23810300Protesto após 5 dias                                        000007
9                                                                                                                                                                                                                                                                                                                                                                                                         000008