01REMESSA01COBRANCA       00000000000004130991SISTEMA DE CARTóRIO CERTIDõES 237BRADESCO       110112        MX0000493                                                                                                                                                                                                                                                                                     000001
1                   000902692011248461-2627                   0000000000000002627400000000002               012627      20011200000000180000000000012N100112120000000000000600000000000000000000000000000000000000000000000201318126000171DR RAMOS ADVOGADOS ASSOCIADOS.          Rua Voluntários da Pátria,2540                      02402000                                                            000002
1                   000902692011248461-2628                   0000000000000002628200000000002               012628      16011200000080000000000000012N100112000000000000000000000000000000000000000000000000000000000000000100021310303800THIAGO DE CASTRO PALADINI               AV CARLOS DE ARAUJO GOBBI, 444 APTO 73              13034670                                                            000003
1                   000902692011248461-2629                   0000000000000002629000000000002               012629      23011200000000170000000000012N110112120000000000000570000000000000000000000000000000000000000000000209624793000194BIANCHINI SOCIEDADE DE ADVOGADOS        Avenida Pedroso de Morais,2315                      05419001                                                            000004
1                   000902692011248461-2630                   0000000000000002630400000000002               012630      23011200000000995000000000012N110112120000000000003320000000000000000000000000000000000000000000000205032035000126Recovery Brasil Consultoria S/A         Avenida Paulista,1499-19º andar                     01311200                                                            000005
1                   000902692011248461-2631                   0000000000000002631200000000002               012631      23011200000000716400000000012N110112120000000000002390000000000000000000000000000000000000000000000205032035000126Recovery Brasil Consultoria S/A         Avenida Paulista,1499-19º andar                     01311200                                                            000006
1                   000902692011248461-2632                   0000000000000002632000000000002               012632      23011200000000100000000000012N110112120000000000000330000000000000000000000000000000000000000000000200360305025441104 Caixa Econômica Federal             RUA: Joaquim Floriano, ,446                         04534002                                                            000007
1                   000902692011248461-2633                   0000000000000002633900000000002               012633      27011200000000115000000000012N110112120000000000000380000000000000000000000000000000000000000000000209263012000183Fundo de Investimento em Direitos CreditAvenida Paulista ,1499-19º. Andar                   01311200                                                            000008
1                   000902692011248461-2634                   0000000000000002634700000000002               012634      27011200000000480000000000012N110112120000000000001600000000000000000000000000000000000000000000000205032035000126Recovery Brasil Consultoria S/A         Avenida Paulista ,1499-19º andar                    01311200                                                            000009
1                   000902692011248461-2635                   0000000000000002635500000000002               012635      23011200000000200000000000012N110112120000000000000670000000000000000000000000000000000000000000000200360305409347104 Caixa Econômica Federal             Rua Oratório,,2098                                  09280000                                                            000010
1                   000902692011248461-2636                   0000000000000002636300000000002               012636      23011200000000100000000000012N110112120000000000000330000000000000000000000000000000000000000000000200360305159804104 Caixa Econômica Federal             Avenida de Pinedo ,228                              04764000                                                            000011
1                   000902692011248461-2637                   0000000000000002637100000000002               012637      23011200000000207000000000012N110112120000000000000690000000000000000000000000000000000000000000000201701201000189HSBC BANK BRASIL S/A. (CSU - PROCESSOS JRua Desembargador Estanislau Cardoso,870            81810380                                                            000012
1                   000902692011248461-2638                   0000000000000002638P00000000002               012638      27011200000000400000000000012N110112120000000000001330000000000000000000000000000000000000000000000233479023000180BANCO CITIBANK S.A                      Avenida Paulista,,1.111-2º andar                    01311920                                                            000013
9                                                                                                                                                                                                                                                                                                                                                                                                         000014