01REMESSA01COBRANCA       00000000000004130991SISTEMA DE CARTóRIO CERTIDõES 237BRADESCO       110711        MX0000400                                                                                                                                                                                                                                                                                     000001
1                   000902692011248461-1109                   0000000000000001109900000000002               011109      18071100000000240000000000012N080711120000000000000800000000000000000000000000000000000000000000000208576917000140Recovery do Brasil Gestão de Ativos LtdaAvenida Paulista,1499 – 19º. Andar ,1499            01311200                                                            000002
1                   000902692011248461-1110                   0000000000000001110200000000002               011110      21071100000000090000000000012N110711120000000000000300000000000000000000000000000000000000000000000100012837044806RITA DE CASSIA RAMOS PALHAVAN           CAIXA POSTAL,90                                     06950970                                                            000003
1                   000902692011248461-1111                   0000000000000001111000000000002               011111      21071100000000029000000000012N110711120000000000000100000000000000000000000000000000000000000000000202263522000101CIENCIA E NATUREZA COMERCIO DE PRODUTOS Avenida Engenheiro Luiz Carlos Berrini ,            04571010                                                            000004
1                   000902692011248461-1112                   0000000000000001112900000000002               011112      21071100000000142000000000012N110711120000000000000470000000000000000000000000000000000000000000000100018032734880CREUSA DALVA DIAS                       Estrada Caicanga,S/N                                11900000                                                            000005
1                   000902692011248461-1113                   0000000000000001113700000000002               011113      21071100000000119000000000012N110711120000000000000400000000000000000000000000000000000000000000000200873633000104RIVIERA ADMINISTRADORA PATRIMONIAL LTDA RUA RAPHAEL COSTABILE,684                           11250000                                                            000006
1                   000902692011248461-1114                   0000000000000001114500000000002               011114      21071100000000030000000000012N110711120000000000000100000000000000000000000000000000000000000000000208679884000164FARES HALABIYAH JUNIOR - ME             Rua Itinguçu,2413                                   03658001                                                            000007
1                   000902692011248461-1115                   0000000000000001115300000000002               011115      21071100000000100000000000012N110711120000000000000330000000000000000000000000000000000000000000000253283180000122Tesheiner Cavassani e Giacomazi AdvogadoRua João Adolfo,118-Conj. 405                       01050020                                                            000008
1                   000902692011248461-1116                   0000000000000001116100000000002               011116      21071100000000200000000000012N110711120000000000000670000000000000000000000000000000000000000000000200360305407131104 Caixa Econômica Federal             Estrada de Itapecerica,3429                         05835000                                                            000009
1                   000902692011248461-1117                   0000000000000001117P00000000002               011117      21071100000000040000000000012N110711120000000000000130000000000000000000000000000000000000000000000209263012000183Fundo de Investimento em Direitos CreditAvenida Paulista,1499 ,1499-19º andar               01311200                                                            000010
1                   000902692011248461-977                    0000000000000000977900000000002               06977       20071100000000850000000000012N290611120000000000010000000000000000000000000000000000000000000000000209263012000183Fundo de Investimento em Direitos CreditAvenida Paulista,1499-19º andar                     01311200                                                            000011
1                   000902692011248461-954                    0000000000000000954P00000000002               06954       20071100000000667600000000012N270611120000000000010000000000000000000000000000000000000000000000000209263012000183Fundo de Investimento em Direitos CreditAvenida Paulista,1499-19º andar                     01311200                                                            000012
1                   000902692011248461-954                    0000000000000000954P00000000002               31954       20071100000000667600000000012N270611120000000000010000000000000000000000000000000000000000000000000209263012000183Fundo de Investimento em Direitos CreditAvenida Paulista,1499-19º andar                     01311200                                                            000013
9                                                                                                                                                                                                                                                                                                                                                                                                         000014