01REMESSA01COBRANCA       00000000000004130991SISTEMA DE CARTóRIO CERTIDõES 237BRADESCO       110412        MX0000521                                                                                                                                                                                                                                                                                     000001
1                   000902692011248461-3432                   0000000000000003432300000000002               013432      13041200000010000000000000012N090412000000000000000000000000000000000000000000000000000000000000000100064925285149ANA KARINA LOPES BARBOSA                Rua 255, nº 935 – Quadra 02 – Lote 117              74533150                                                            000002
1                   000902692011248461-3433                   0000000000000003433100000000002               013433      19041200000000345000000000012N090412120000000000001150000000000000000000000000000000000000000000000205888414000112CREAÇÕES MX FASHION LIMITADA            Rua Aimorés ,210                                    01122010                                                            000003
1                   000902692011248461-3434                   0000000000000003434P00000000002               013434      19041200000000400000000000012N090412120000000000001330000000000000000000000000000000000000000000000217184037010506389 Banco Mercantil do Brasil S.A.      Avenida Paulista ,923                               01311100                                                            000004
1                   000902692011248461-3435                   0000000000000003435800000000002               013435      20041200000000181350000000012N100412120000000000000600000000000000000000000000000000000000000000000258838277000178INSTAR CONFECÇÕES LTDA - EPP            Rua Casimiro de Abreu ,447                          03013001                                                            000005
9                                                                                                                                                                                                                                                                                                                                                                                                         000006