01REMESSA01COBRANCA       00000000000004130991SISTEMA DE CARTóRIO CERTIDõES 237BRADESCO       111011        MX0000452                                                                                                                                                                                                                                                                                     000001
1                   000902692011248461-1892                   0000000000000001892100000000002               011892      17101100000000480000000000012N061011120000000000001600000000000000000000000000000000000000000000000200360305073845104 Caixa Econômica Federal             Rua Campos Sales,,198                               06401000                                                            000002
1                   000902692011248461-1893                   0000000000000001893P00000000002               011893      17101100000000240000000000012N061011120000000000000800000000000000000000000000000000000000000000000200360305167904104 Caixa Econômica Federal             Avenida Paulista, ,302                              01310000                                                            000003
1                   000902692011248461-1894                   0000000000000001894800000000002               011894      17101100000000190400000000012N061011120000000000000630000000000000000000000000000000000000000000000200360305181656104 Caixa Econômica Federal             Avenida Santo Amaro ,7237                           04701200                                                            000004
1                   000902692011248461-1895                   0000000000000001895600000000002               011895      17101100000000400000000000012N061011120000000000001330000000000000000000000000000000000000000000000209263012000183Fundo de Investimento em Direitos CreditAvenida Paulista ,1499-19º. Andar                   01311200                                                            000005
1                   000902692011248461-1896                   0000000000000001896400000000002               011896      17101100000000240000000000012N061011120000000000000800000000000000000000000000000000000000000000000200360305297875104 Caixa Econômica Federal             Rua Dom José Gaspar,1194                            09370670                                                            000006
1                   000902692011248461-1897                   0000000000000001897200000000002               011897      17101100000000240000000000012N071011120000000000000800000000000000000000000000000000000000000000000200360305159723104 Caixa Econômica Federal             Rua Teodoro Sampaio,,429                            05405000                                                            000007
1                   000902692011248461-1898                   0000000000000001898000000000002               011898      17101100000000170000000000012N071011120000000000000570000000000000000000000000000000000000000000000209624793000194BIANCHINI SOCIEDADE DE ADVOGADOS        Avenida Pedroso de Morais,2315                      05419001                                                            000008
1                   000902692011248461-1899                   0000000000000001899900000000002               011899      17101100000000140000000000012N071011120000000000000470000000000000000000000000000000000000000000000262232889000190Banco Daycoval S/A                      Avenida Paulista ,1793-02º Andar                    01311200                                                            000009
1                   000902692011248461-1900                   0000000000000001900600000000002               011900      17101100000000030000000000012N071011120000000000000100000000000000000000000000000000000000000000000208679884000164FARES HALABIYAH JUNIOR - ME             Rua Itinguçu ,2413                                  03658001                                                            000010
1                   000902692011248461-1901                   0000000000000001901400000000002               011901      17101100000000170000000000012N071011120000000000000570000000000000000000000000000000000000000000000209624793000194BIANCHINI SOCIEDADE DE ADVOGADOS        Avenida Pedroso de Morais,2315                      05419001                                                            000011
1                   000902692011248461-1902                   0000000000000001902200000000002               011902      17101100000000200000000000012N071011120000000000000670000000000000000000000000000000000000000000000210732210000128Almeida Tavares Sanches e Silva         Alameda Santos ,2335-6º andar                       01419002                                                            000012
1                   000902692011248461-1903                   0000000000000001903000000000002               011903      17101100000000076000000000012N071011120000000000000250000000000000000000000000000000000000000000000203723171000137E Cunha Consultoria Empresarial Ltda.   Rua Nova York ,959                                  04560002                                                            000013
1                   000902692011248461-1904                   0000000000000001904900000000002               011904      17101100000000150000000000012N071011120000000000000500000000000000000000000000000000000000000000000253283180000122Tesheiner Cavassani e Giacomazi AdvogadoRua João Adolfo,118-Conj. 405                       01050020                                                            000014
1                   000902692011248461-1905                   0000000000000001905700000000002               011905      17101100000000142000000000012N071011120000000000000470000000000000000000000000000000000000000000000100070367582872VICENTE MARINHEIRO DA SILVA             Rua Serrana Fluminense,26                           02676040                                                            000015
1                   000902692011248461-1906                   0000000000000001906500000000002               011906      17101100000000040250000000012N071011120000000000000130000000000000000000000000000000000000000000000210377191000169ACM  Legalizações Empresariais Ltda. - MAvenida Capitão Mário Toledo de Camargo,            09170150                                                            000016
1                   000902692011248461-1392                   0000000000000001392P00000000002               021392      25081100000000560000000000012N150811120000000000010000000000000000000000000000000000000000000000000209263012000183Fundo de Investimento em Direitos CreditAvenida Paulista ,1499-19º. Andar                   01311200                                                            000017
1                   000902692011248461-1663                   0000000000000001663500000000002               021663      23091100000000080500000000012N130911120000000000010000000000000000000000000000000000000000000000000210377191000169ACM  Legalizações Empresariais Ltda. - MAvenida Capitão Mário Toledo de Camargo,            09170150                                                            000018
1                   000902692011248461-1729                   0000000000000001729100000000002               021729      03101100000000040250000000012N220911120000000000010000000000000000000000000000000000000000000000000210377191000169ACM  Legalizações Empresariais Ltda. - MAvenida Capitão Mário Toledo de Camargo,            09170150                                                            000019
1                   000902692011248461-1880                   0000000000000001880800000000002               311880      18101100000000070000000000012N051011120000000000010000000000000000000000000000000000000000000000000209313766000109CARUANA S/A SOCIEDADE DE CREDITO FINANC AV DAS NAÇÕES UNIDAS,Nº 11541 11º ANDAR             04578000                                                            000020
1                   000902692011248461-1880                   0000000000000001880800000000002               061880      18101100000000070000000000012N051011120000000000010000000000000000000000000000000000000000000000000209313766000109CARUANA S/A SOCIEDADE DE CREDITO FINANC AV DAS NAÇÕES UNIDAS,Nº 11541 11º ANDAR             04578000                                                            000021
9                                                                                                                                                                                                                                                                                                                                                                                                         000022