01REMESSA01COBRANCA       00000000000004130991SISTEMA DE CARTóRIO CERTIDõES 237BRADESCO       110411        MX0000345                                                                                                                                                                                                                                                                                     000001
1                   000902692011248461-462                    0000000000000000462900000000002               01462       21041100000000886500000000012N110411000000000000002960000000000000000000000000000000000000000000000200360305181656104 Caixa Econômica Federal             Avenida Santo Amaro ,7237                           04701200                                                            000002
9                                                                                                                                                                                                                                                                                                                                                                                                         000003