01REMESSA01COBRANCA       00000000000004130991SISTEMA DE CARTóRIO CERTIDõES 237BRADESCO       110311        MX0000330                                                                                                                                                                                                                                                                                     000001
1                   000902692011248461-154                    0000000000000000154900000000002               01154       13031100000000100000000000012N030311000000000000010000000000000000000000000000000000000000000000000200360305181656104 Caixa Econômica Federal             Avenida Santo Amaro ,7237                           04701200                                                            000002
1                   000902692011248461-155                    0000000000000000155700000000002               01155       13031100000000788000000000012N030311000000000000010000000000000000000000000000000000000000000000000200360305181656104 Caixa Econômica Federal             Avenida Santo Amaro ,7237                           04701200                                                            000003
1                   000902692011248461-156                    0000000000000000156500000000002               01156       13031100000000210000000000012N030311000000000000010000000000000000000000000000000000000000000000000200360305027223104 Caixa Econômica Federal             AV: Conselheiro Carrão, 2216,2216                   03302002                                                            000004
1                   000902692011248461-157                    0000000000000000157300000000002               01157       13031100000000210000000000012N030311000000000000010000000000000000000000000000000000000000000000000200360305267887104 Caixa Econômica Federal             Rua São Joaquim ,69-5º andar                        01508001                                                            000005
1                   000902692011248461-158                    0000000000000000158100000000002               01158       13031100000000120000000000012N030311000000000000010000000000000000000000000000000000000000000000000203586507000167J. A. Rezende Advogados Associados      Rua: Libero Badaró, ,471-17° ANDAR                  01009903                                                            000006
1                   000902692011248461-159                    0000000000000000159P00000000002               01159       13031100000000156400000000012N030311000000000000010000000000000000000000000000000000000000000000000208351432000159LIBRO COMPANHIA SECURITIZADORA DE CREDITAvenida Paulista,1499 – 19º. Andar ,1499            01311200                                                            000007
1                   000902692011248461-160                    0000000000000000160300000000002               01160       13031100000000060000000000012N030311000000000000010000000000000000000000000000000000000000000000000203586507000167J. A. Rezende Advogados Associados      Rua: Libero Badaró, ,471-17° Andar                  01009903                                                            000008
1                   000902692011248461-161                    0000000000000000161100000000002               01161       13031100000000230000000000012N030311000000000000010000000000000000000000000000000000000000000000000200360305327960104 Caixa Econômica Federal             Avenida Papa João Paulo I,3130                      07174000                                                            000009
1                   000902692011248461-162                    0000000000000000162P00000000002               01162       13031100000000414000000000012N030311000000000000010000000000000000000000000000000000000000000000000208289284000190TOPAZIO CONTABILIDADE E AUDITORIA S/S LTAvenida das Nações Unidas,13797-Blc 2 -             04794000                                                            000010
1                   000902692011248461-163                    0000000000000000163800000000002               01163       13031100000000035000000000012N030311000000000000010000000000000000000000000000000000000000000000000206120493000180CONFORMITY ASSESSORIA EM GESTAO EMPRESARRua José Bonifácio,278                              01003000                                                            000011
1                   000902692011248461-164                    0000000000000000164600000000002               01164       13031100000000043000000000012N030311000000000000010000000000000000000000000000000000000000000000000210377191000169ACM  Legalizações Empresariais Ltda. - MAvenida Capitão Mário Toledo de Camargo,            09170150                                                            000012
1                   000902692011248461-165                    0000000000000000165400000000002               01165       13031100000004624080000000012N030311000000000000010000000000000000000000000000000000000000000000000200360305023902104 Caixa Econômica Federal             Rua Augusta,2514/2516                               01412100                                                            000013
1                   000902692011248461-166                    0000000000000000166200000000002               01166       14031100000000075000000000012N040311000000000000010000000000000000000000000000000000000000000000000100027830338876Alessandra Guedes de Almeida            Rua Espírito Santo do Dourado,693-Casa 1            08022110                                                            000014
1                   000902692011248461-167                    0000000000000000167000000000002               01167       14031100000000148400000000012N040311000000000000010000000000000000000000000000000000000000000000000203723171000137E Cunha Consultoria Empresarial Ltda.   Rua Nova York ,959-conj. 52                         04560002                                                            000015
1                   000902692011248461-168                    0000000000000000168900000000002               01168       14031100000000300000000000012N040311000000000000010000000000000000000000000000000000000000000000000100027897576825Diogo Aguiar                            Rua José Bonifácio,278-1º andar  (Para D            00000000                                                            000016
1                   000902692011248461-169                    0000000000000000169700000000002               01169       14031100000001063800000000012N040311000000000000010000000000000000000000000000000000000000000000000207058096000198ANA PELLEGRINI ADVOGADOS ASSOCIADOS     Avenida Paulista,1159-7º andar - conjs.             01311200                                                            000017
1                   000902692011248461-170                    0000000000000000170000000000002               01170       14031100000000045120000000012N040311000000000000010000000000000000000000000000000000000000000000000260746948029870237 Banco Bradesco S.A.                 Avenida Conselheiro Carrão ,3062                    03402003                                                            000018
1                   000902692011248461-171                    0000000000000000171900000000002               01171       14031100000000090000000000012N040311000000000000010000000000000000000000000000000000000000000000000100094349681353FRANCISCA ANY CARLIENE FERREIRA DA SILVARua Vinte e Sete ( 27 ),145A                        61800000                                                            000019
1                   000902692011248461-172                    0000000000000000172700000000002               01172       14031100000000118940000000012N040311000000000000010000000000000000000000000000000000000000000000000200360305267887104 Caixa Econômica Federal             Rua São Joaquim ,69-5º andar                        01508001                                                            000020
1                   000902692011248461-173                    0000000000000000173500000000002               01173       14031100000000100000000000012N040311000000000000010000000000000000000000000000000000000000000000000203586507000167J. A. Rezende advogados associados      Rua: Libero Badaró, ,471-17° ANDAR                  01009903                                                            000021
1                   000902692011248461-174                    0000000000000000174300000000002               01174       14031100000000079500000000012N040311060500000000000000000000000000000000000000000000000000000000000250533876000171CONSORCIO NACIONAL PANAMERICANO S/C LTDAAV PAULISTA, 2.240                                  00109905                                                            000022
1                   000902692011248461-175                    0000000000000000175100000000002               01175       19031100000000148400000000012N090311000000000000010000000000000000000000000000000000000000000000000203723171000137E Cunha Consultoria Empresarial Ltda.   Rua Nova York ,959-conj. 52                         04560002                                                            000023
1                   000902692011248461-176                    0000000000000000176P00000000002               01176       19031100000000100000000000012N090311000000000000010000000000000000000000000000000000000000000000000203586507000167J. A. Rezende Advogados Associados      Rua: Libero Badaró, ,471-17° ANDAR                  01009903                                                            000024
1                   000902692011248461-177                    0000000000000000177800000000002               01177       19031100000000273060000000012N090311060500000000000000000000000000000000000000000000000000000000000259285411000113BANCO PANAMERICANO SA                   AV PAULISTA, 2240                                   00109905                                                            000025
1                   000902692011248461-178                    0000000000000000178600000000002               01178       19031100000000989330000000012N090311000000000000010000000000000000000000000000000000000000000000000203723171000137E Cunha Consultoria Empresarial Ltda.   Rua Nova York ,959-conj. 52                         04560002                                                            000026
1                   000902692011248461-179                    0000000000000000179400000000002               01179       19031100000000210000000000012N090311000000000000010000000000000000000000000000000000000000000000000200360305159723104 Caixa Econômica Federal             Rua Teodoro Sampaio,  ,429                          05405000                                                            000027
1                   000902692011248461-180                    0000000000000000180800000000002               01180       19031100000000210000000000012N090311000000000000010000000000000000000000000000000000000000000000000200360305310723104 Caixa Econômica Federal             Avenida da Aclimação -,775                          01531001                                                            000028
1                   000902692011248461-181                    0000000000000000181600000000002               01181       20031100000000100000000000012N100311000000000000010000000000000000000000000000000000000000000000000274340936000106GJP PARTICIPAÇÕES S.A.                  Rua Gertrudes de Lima,53-5º Andar -  Con            09020000                                                            000029
1                   000902692011248461-182                    0000000000000000182400000000002               01182       18031100000015000000000000012N100311060500000000000000000000000000000000000000000000000000000000000100010304744867VERA PEDRO DE OLIVEIRA                  R PEDRO MARQUES LEAO, 2030                          19907010                                                            000030
1                   000902692011248461-183                    0000000000000000183200000000002               01183       18031100000017500000000000012N100311060500000000000000000000000000000000000000000000000000000000000100004980049966TIAGO FUGANTI                           RUA PADRE ANCHIETA, 2339 AP 1301                    80730000                                                            000031
1                   000902692011248461-184                    0000000000000000184000000000002               01184       20031100000000030000000000012N100311000000000000010000000000000000000000000000000000000000000000000100018675948891GERALDO ALOISIO BORGES TAVARES          Rua Anatalícia Ferreira Silva (Jd C Líba            04710060                                                            000032
1                   000902692011248461-185                    0000000000000000185900000000002               01185       20031100000000078200000000012N100311000000000000010000000000000000000000000000000000000000000000000200360305267887104 Caixa Econômica Federal             Rua São Joaquim ,69-5º andar                        01508001                                                            000033
1                   000902692011248461-186                    0000000000000000186700000000002               01186       21031100000000170000000000012N110311000000000000010000000000000000000000000000000000000000000000000208351432000159LIBRO COMPANHIA SECURITIZADORA DE CREDITAvenida Paulista,1499 – 19º. Andar ,1499            01311200                                                            000034
1                   000902692011248461-187                    0000000000000000187500000000002               01187       21031100000000206000000000012N110311000000000000010000000000000000000000000000000000000000000000000208351432000159LIBRO COMPANHIA SECURITIZADORA DE CREDITAvenida Paulista,1499 – 19º. Andar ,1499            01311200                                                            000035
1                   000902692011248461-188                    0000000000000000188300000000002               01188       21031100000000090000000000012N110311000000000000010000000000000000000000000000000000000000000000000100095360433949LAURISETE FRANÇA BASSAI                 Rua América,07                                      06859420                                                            000036
1                   000902692011248461-189                    0000000000000000189100000000002               01189       21031100000000200000000000012N110311000000000000010000000000000000000000000000000000000000000000000253283180000122Caruana S/A Sociedade de Crédito FinanciAv. Nações Unidas, 11541 11º andar Conj             04578000                                                            000037
1                   000902692011248461-190                    0000000000000000190500000000002               01190       21031100000000150000000000012N110311000000000000010000000000000000000000000000000000000000000000000260746948150270237 Banco Bradesco S.A.                 Avenida Santos Dumont,230                           07220000                                                            000038
1                   000902692011248461-191                    0000000000000000191300000000002               01191       21031100000000100000000000012N110311000000000000010000000000000000000000000000000000000000000000000200360305025441104 Caixa Econômica Federal             Rua Joaquim Floriano ,446                           04534002                                                            000039
1                   000902692011248461-192                    0000000000000000192100000000002               01192       21031100000000200000000000012N110311000000000000010000000000000000000000000000000000000000000000000100067134211800DOMINGOS MALFATTI NETO                  Rua Bandeira Paulista ,1212                         04532004                                                            000040
1                   000902692011248461-193                    0000000000000000193P00000000002               01193       21031100000000156400000000012N110311000000000000010000000000000000000000000000000000000000000000000203723171000137E Cunha Consultoria Empresarial Ltda.   Rua Nova York ,959-conj. 52                         04560002                                                            000041
1                   000902692011248461-149                    0000000000000000149200000000002               02149       12031100000000135000000000012N020311000000000000010000000000000000000000000000000000000000000000000251757300000150Flytour Travel Solution                 Avenida Juruá,461                                   06455010                                                            000042
1                   000902692011248461-84                     0000000000000000084400000000002               0684        18031100000000070000000000012N280211000000000000010000000000000000000000000000000000000000000000000210377191000169ACM  Legalizações Empresariais Ltda. - MAvenida Capitão Mário Toledo de Camargo,            09170150                                                            000043
9                                                                                                                                                                                                                                                                                                                                                                                                         000044