01REMESSA01COBRANCA       00000000000004130991SISTEMA DE CARTóRIO CERTIDõES 237BRADESCO       110511        MX0000361                                                                                                                                                                                                                                                                                     000001
1                   000902692011248461-677                    0000000000000000677P00000000002               01677       20051100000001122900000000012N100511000000000000003740000000000000000000000000000000000000000000000233479023000180CITIBANK RISK MANAGEMENT                Avenida Paulista, nº 1.111, 2º andar,1.1            01311920                                                            000002
1                   000902692011248461-678                    0000000000000000678800000000002               01678       20051100000000560000000000012N100511000000000000001870000000000000000000000000000000000000000000000262232889000190Banco Daycoval S/A                      Avenida Paulista ,1793-02º Andar                    01311200                                                            000003
1                   000902692011248461-679                    0000000000000000679600000000002               01679       20051100000000160000000000012N1005110000000000000005300000000000000000000000000000000000000000000002000000005285011 Banco do Brasil S.A.                  Avenida Deputado Emílio Carlos,1833                 02721100                                                            000004
1                   000902692011248461-680                    0000000000000000680P00000000002               01680       20051100000000060000000000012N1005110000000000000002000000000000000000000000000000000000000000000002000000004818661 Banco do Brasil S.A.                  Avenida Lins de Vasconcelos , ,1951                 01537001                                                            000005
1                   000902692011248461-681                    0000000000000000681800000000002               01681       20051100000000100000000000012N100511000000000000000330000000000000000000000000000000000000000000000200360305181656104 Caixa Econômica Federal             Avenida Santo Amaro ,7237                           04701200                                                            000006
1                   000902692011248461-682                    0000000000000000682600000000002               01682       16051100000020000000000000012N100511060500000000000000000000000000000000000000000000000000000000000100074152670797Maria de Fatima dos Santos Nascimento   Rua General Dionisio, 585 , apto 503                25075095                                                            000007
1                   000902692011248461-683                    0000000000000000683400000000002               01683       20051100000000985000000000012N100511000000000000003280000000000000000000000000000000000000000000000200360305181656104 Caixa Econômica Federal             Avenida Santo Amaro ,7237                           04701200                                                            000008
1                   000902692011248461-684                    0000000000000000684200000000002               01684       20051100000000130000000000012N100511000000000000000430000000000000000000000000000000000000000000000262232889000190Banco Daycoval S/A                      Avenida Paulista ,1793-02º Andar                    01311200                                                            000009
1                   000902692011248461-685                    0000000000000000685000000000002               01685       23051100000000029000000000012N110511000000000000000100000000000000000000000000000000000000000000000210377191000169ACM  Legalizações Empresariais Ltda. - MAvenida Capitão Mário Toledo de Camargo,            09170150                                                            000010
1                   000902692011248461-686                    0000000000000000686900000000002               01686       23051100000000132000000000012N110511000000000000000440000000000000000000000000000000000000000000000100066200164800MARIA ARBOLEIA CAMPOS                   Rua Maria Branca,740                                00000000                                                            000011
1                   000902692011248461-147                    0000000000000000147600000000002               02147       12031100000000210000000000012N020311000000000000010000000000000000000000000000000000000000000000000200360305401010104 Caixa Econômica Federal             AV INTERLAGOS, 3610,3610                            04660006                                                            000012
9                                                                                                                                                                                                                                                                                                                                                                                                         000013