01REMESSA01COBRANCA       00000000000004130991SISTEMA DE CARTóRIO CERTIDõES 237BRADESCO       120112        MX0000494                                                                                                                                                                                                                                                                                     000001
1                   000902692011248461-2639                   0000000000000002639800000000002               012639      16011200000010000000000000012N110112000000000000000000000000000000000000000000000000000000000000000100007677272746LUIS FELIPE CORREA                      RUA SILVA JARDIM, 310                               25615203                                                            000002
1                   000902692011248461-2640                   0000000000000002640100000000002               012640      16021200000010000000000000012N110112000000000000000000000000000000000000000000000000000000000000000100007677272746LUIS FELIPE CORREA                      RUA SILVA JARDIM, 310                               25615203                                                            000003
1                   000902692011248461-2641                   0000000000000002641P00000000002               012641      16031200000010000000000000012N110112000000000000000000000000000000000000000000000000000000000000000100007677272746LUIS FELIPE CORREA                      RUA SILVA JARDIM, 310                               25615203                                                            000004
1                   000902692011248461-2642                   0000000000000002642800000000002               012642      12011200000000113700000000012N110112000000000000000000000000000000000000000000000000000000000000000100010013629778RAQUEL OLIVEIRA DE MENEZES              ESTRADA DA ESTIVA, 150 QUADRA LOTE 18               23530075                                                            000005
1                   000902692011248461-2643                   0000000000000002643600000000002               012643      23011200000000040250000000012N110112120000000000000130000000000000000000000000000000000000000000000210377191000169ACM ASSESSORIA CONTABIL LTDA            Avenida Capitão Mário Toledo de Camargo,            09170150                                                            000006
1                   000902692011248461-2644                   0000000000000002644400000000002               012644      23011200000000164450000000012N110112120000000000000550000000000000000000000000000000000000000000000210377191000169ACM ASSESSORIA CONTABIL LTDA            Avenida Capitão Mário Toledo de Camargo,            09170150                                                            000007
1                   000902692011248461-2645                   0000000000000002645200000000002               012645      23011200000000252000000000012N120112120000000000000840000000000000000000000000000000000000000000000233479023000180BANCO CITIBANK SA                       Avenida Paulista, , 2º andar,1.111                  01311920                                                            000008
1                   000902692011248461-2646                   0000000000000002646000000000002               012646      30011200000000344000000000012N120112120000000000001150000000000000000000000000000000000000000000000209263012000183Fundo de Investimento em Direitos CreditAvenida Paulista ,1499-19º. Andar                   01311200                                                            000009
1                   000902692011248461-2647                   0000000000000002647900000000002               012647      23011200000000076000000000012N120112120000000000000250000000000000000000000000000000000000000000000203723171000137E Cunha Consultoria Empresarial Ltda.   Rua Nova York,959                                   04560002                                                            000010
1                   000902692011248461-2648                   0000000000000002648700000000002               012648      13011200000000107700000000012N120112000000000000000000000000000000000000000000000000000000000000000100009990932824WAGNER GIMENES CARDADOR                 RUA DR. MOACIR TAVOLARO, 201                        03567080                                                            000011
1                   000902692011248461-2649                   0000000000000002649500000000002               012649      23011200000000107700000000012N120112000000000000000000000000000000000000000000000000000000000000000100027578514890FATIMA ANDREA DE SOUZA NADALIN          RUA AMARO VELHO, 200 BL F1 APTO 4                   05818230                                                            000012
1                   000902692011248461-2650                   0000000000000002650900000000002               012650      16011200000000107700000000012N120112000000000000000000000000000000000000000000000000000000000000000100034243457840CAROLINE SOUZA TERRA                    RUA GIUSEPPE TARTINI, 15 BLOCO B5 APTO 2            04844300                                                            000013
1                   000902692011248461-2651                   0000000000000002651700000000002               012651      23011200000000250000000000012N120112120000000000000830000000000000000000000000000000000000000000000244526952000119MATSUBARA HOTEIS E TURISMO LTDA         Rua Professor José Paulo, ,80                       12460000                                                            000014
1                   000902692011248461-2652                   0000000000000002652500000000002               012652      16011200000000109200000000012N120112000000000000000000000000000000000000000000000000000000000000000100017918442865ANDREA PACHECO DA SILVA                 RUA ITALIA, 1110                                    14801350                                                            000015
1                   000902692011248461-2617                   0000000000000002617700000000002               022617      16011200000000304000000000012N060112120000000000010000000000000000000000000000000000000000000000000201701201000189HSBC Bank Brasil S.A. - Banco Multiplo -Rua Doutor Seidel,425                               05315000                                                            000016
9                                                                                                                                                                                                                                                                                                                                                                                                         000017