01REMESSA01COBRANCA       00000000000004130991SISTEMA DE CARTÛRIO CERTIDıES 237BRADESCO       120811        MX0000421                                                                                                                                                                                                                                                                                     000001
1                   000902692011248461-1368                   0000000000000001368700000000002               011368      22081100000000142000000000012N110811120000000000000470000000000000000000000000000000000000000000000100001628465689ROSELY FERREIRA ALKMIM                  RUA: MARECHAL VIEIRA PEIXOTO,191                    04177240                                                            000002
1                   000902692011248461-1369                   0000000000000001369500000000002               011369      15081100000025000000000000012N110811000000000000000000000000000000000000000000000000000000000000000100084445351849CAMILA MARTINS FERREIRA                 RUA RIBEIRO DO VALE, 1131                           04568003                                                            000003
1                   000902692011248461-1370                   0000000000000001370900000000002               011370      30091100000025000000000000012N110811000000000000000000000000000000000000000000000000000000000000000100084445351849CAMILA MARTINS FERREIRA                 RUA RIBEIRO DO VALE, 1131                           04568003                                                            000004
1                   000902692011248461-1371                   0000000000000001371700000000002               011371      22081100000000100000000000012N110811120000000000000330000000000000000000000000000000000000000000000209313766000109CARUANA S/A SOCIEDADE DE CREDITO FINANC Rua Jo„o Adolfo,118-Conj. 405                       01050020                                                            000005
1                   000902692011248461-1372                   0000000000000001372500000000002               011372      22081100000000447830000000012N110811120000000000001490000000000000000000000000000000000000000000000253283180000122Tesheiner Cavassani e Giacomazi AdvogadoRua Jo„o Adolfo,118-Conj. 405                       01050020                                                            000006
1                   000902692011248461-1373                   0000000000000001373300000000002               011373      22081100000000164000000000012N120811120000000000000550000000000000000000000000000000000000000000000209263012000183Fundo de Investimento em Direitos CreditAvenida Paulista ,1499-19∫. Andar                   01311200                                                            000007
1                   000902692011248461-1374                   0000000000000001374100000000002               011374      22081100000000424860000000012N120811120000000000001420000000000000000000000000000000000000000000000207450604000189Bicbanco S/A                            Avenida Paulista,,1048-12∫ andar                    01310100                                                            000008
1                   000902692011248461-1351                   0000000000000001351200000000002               021351      08081100000015000000000000012N040811000000000000000000000000000000000000000000000000000000000000000100030525234810APOLO VENTURA LEMOS                     RUA SANTA CATARINA, 200                             78850000                                                            000009
1                   000902692011248461-1352                   0000000000000001352000000000002               021352      22091100000015000000000000012N040811000000000000000000000000000000000000000000000000000000000000000100030525234810APOLO VENTURA LEMOS                     RUA SANTA CATARINA, 200                             78850000                                                            000010
1                   000902692011248461-1259                   0000000000000001259100000000002               021259      04081100000012350000000000012N010811000000000000000000000000000000000000000000000000000000000000000100031273960823GABRIEL MONEGATTI MATTEI                RUA DO SIMBOLO, 380 CASA 05                         05713570                                                            000011
1                   000902692011248461-1260                   0000000000000001260500000000002               021260      05091100000004500000000000012N010811000000000000000000000000000000000000000000000000000000000000000100031273960823GABRIEL MONEGATTI MATTEI                RUA DO SIMBOLO, 380 CASA 05                         05713570                                                            000012
1                   000902692011248461-1261                   0000000000000001261300000000002               021261      04101100000004000000000000012N010811000000000000000000000000000000000000000000000000000000000000000100031273960823GABRIEL MONEGATTI MATTEI                RUA DO SIMBOLO, 380 CASA 05                         05410000                                                            000013
1                   000902692011248461-1262                   0000000000000001262100000000002               021262      04111100000003850000000000012N010811000000000000000000000000000000000000000000000000000000000000000100031273960823GABRIEL MONEGATTI MATTEI                RUA DO SIMBOLO, 380 CASA 05                         05713570                                                            000014
1                   000902692011248461-1255                   0000000000000001255900000000002               021255      04081100000012350000000000012N010811000000000000000000000000000000000000000000000000000000000000000100033963375817FELIPE JUNQUEIRA STEFAN                 RUA ALVES GUIMARAES, 385 APTO 63                    05410000                                                            000015
1                   000902692011248461-1256                   0000000000000001256700000000002               021256      05091100000004500000000000012N010811000000000000000000000000000000000000000000000000000000000000000100033963375817FELIPE JUNQUEIRA STEFAN                 RUA ALVES GUIMARAES, 385 APTO 63                    05410000                                                            000016
1                   000902692011248461-1257                   0000000000000001257500000000002               021257      04101100000004000000000000012N010811000000000000000000000000000000000000000000000000000000000000000100033963375817FELIPE JUNQUEIRA STEFAN                 RUA ALVES GUIMARAES, 385 APTO 63                    05410000                                                            000017
1                   000902692011248461-1258                   0000000000000001258300000000002               021258      04111100000003850000000000012N010811000000000000000000000000000000000000000000000000000000000000000100033963375817FELIPE JUNQUEIRA STEFAN                 RUA ALVES GUIMARAES, 385 APTO 63                    05410000                                                            000018
1                   000902692011248461-1338                   0000000000000001338500000000002               021338      12081100000000375000000000012N020811120000000000010000000000000000000000000000000000000000000000000100070653097891CLEONICE PESTILLA                       Avenida Doutor Acyr Alves Leite,350-(Env            16310000                                                            000019
1                   000902692011248461-982                    0000000000000000982500000000002               02982       11071100000000340000000000012N290611120000000000010000000000000000000000000000000000000000000000000209263012000183Fundo de Investimento em Direitos CreditAvenida Paulista,1499-19∫ andar                     01311200                                                            000020
9                                                                                                                                                                                                                                                                                                                                                                                                         000021