01REMESSA01COBRANCA       00000000000004130991SISTEMA DE CARTóRIO CERTIDõES 237BRADESCO       120711        MX0000401                                                                                                                                                                                                                                                                                     000001
1                   000902692011248461-1118                   0000000000000001118800000000002               011118      22071100000000209000000000012N120711120000000000000700000000000000000000000000000000000000000000000205888414000112CREAÇÕES MX FASHION LIMITADA            Rua Aimorés ,210                                    01122010                                                            000002
1                   000902692011248461-1119                   0000000000000001119600000000002               011119      22071100000000243710000000012N120711120000000000000810000000000000000000000000000000000000000000000100017683448842LUIS MARTINS NETTO                      Rua Barão de Ladário,670-Sl. 404                    03010000                                                            000003
1                   000902692011248461-1120                   0000000000000001120P00000000002               011120      22071100000000476000000000012N120711120000000000001590000000000000000000000000000000000000000000000200360305181656104 Caixa Econômica Federal             Avenida Santo Amaro ,7237                           04701200                                                            000004
1                   000902692011248461-1121                   0000000000000001121800000000002               011121      22071100000000147000000000012N120711120000000000000490000000000000000000000000000000000000000000000209263012000183Fundo de Investimento em Direitos CreditAvenida Paulista,1499-19º andar                     01311200                                                            000005
1                   000902692011248461-1122                   0000000000000001122600000000002               011122      22071100000000240000000000012N120711120000000000000800000000000000000000000000000000000000000000000233479023000180CITIBANK RISK MANAGEMENT                Avenida Paulista, nº 1.111, 2º andar,1.1            01311920                                                            000006
1                   000902692011248461-1123                   0000000000000001123400000000002               011123      15071100000015000000000000012N120711120000000000000000000000000000000000000000000000000000000000000100005486707819FILOMENA GOMES                          RUA DOS PESCADORES, 289                             09971460                                                            000007
1                   000902692011248461-1124                   0000000000000001124200000000002               011124      15071100000025000000000000012N120711110000000000000000000000000000000000000000000000000000000000000100005486707819FILOMENA GOMES                          RUA DOS PESCADORES, 289                             09971460                                                            000008
9                                                                                                                                                                                                                                                                                                                                                                                                         000009