01REMESSA01COBRANCA       00000000000004130991SISTEMA DE CARTóRIO CERTIDõES 237BRADESCO       121211        MX0000480                                                                                                                                                                                                                                                                                     000001
1                   000902692011248461-2414                   0000000000000002414P00000000002               012414      23121100000000115000000000012N071211120000000000000380000000000000000000000000000000000000000000000209263012000183Fundo de Investimento em Direitos CreditAvenida Paulista ,1499-19º. Andar                   01311200                                                            000002
1                   000902692011248461-2415                   0000000000000002415800000000002               012415      19121100000000115000000000012N071211120000000000000380000000000000000000000000000000000000000000000203723171000137E Cunha Consultoria Empresarial Ltda.   Rua Nova York ,959                                  04560002                                                            000003
1                   000902692011248461-2416                   0000000000000002416600000000002               012416      19121100000000200000000000012N071211120000000000000670000000000000000000000000000000000000000000000217184037010506389 Banco Mercantil do Brasil S.A.      Avenida Paulista ,923                               01311100                                                            000004
1                   000902692011248461-2417                   0000000000000002417400000000002               012417      19121100000000196000000000012N071211120000000000000650000000000000000000000000000000000000000000000290400888000142353 Banco Santander Brasil S.A.         Avenida Interlagos,3501-Bl. 10 – Térreo             04661300                                                            000005
1                   000902692011248461-2418                   0000000000000002418200000000002               012418      19121100000004488240000000012N071211120000000000014960000000000000000000000000000000000000000000000211730572000142GRACIANO E SOUSA SERVIÇO ADMINITRATIVOS Av  Erasmo Braga,255 sala 1.104 centro              20020000                                                            000006
1                   000902692011248461-2419                   0000000000000002419000000000002               012419      19121100000000046000000000012N071211120000000000000150000000000000000000000000000000000000000000000201701201000189HSBC Bank Brasil S.A. - Banco Multiplo -Rua Doutor Seidel,,425                              05315000                                                            000007
1                   000902692011248461-2420                   0000000000000002420400000000002               012420      19121100000000046000000000012N071211120000000000000150000000000000000000000000000000000000000000000201701201000189HSBC Bank Brasil S.A. - Banco Multiplo -Rua Doutor Seidel,,425                              05315000                                                            000008
1                   000902692011248461-2421                   0000000000000002421200000000002               012421      19121100000000060000000000012N071211120000000000000200000000000000000000000000000000000000000000000201701201022409399 HSBC Bank Brasil S.A. - Banco MultipAvenida João Dias,1445                              04723001                                                            000009
1                   000902692011248461-2423                   0000000000000002423900000000002               012423      23011200000010000000000000012N071211000000000000000000000000000000000000000000000000000000000000000100027564940620JOSE AUGUSTO AMARAL                     RUA AMAPA, 616 - APTO 201                           32240010                                                            000010
1                   000902692011248461-2424                   0000000000000002424700000000002               012424      19121100000000076000000000012N071211120000000000000250000000000000000000000000000000000000000000000213311565000131HILCO APPRAISAL - S4A AVALIAÇÕES PATRIMORua Joaquim Floriano,733-2º ANDAR CJ 2-A            04534012                                                            000011
1                   000902692011248461-2425                   0000000000000002425500000000002               012425      19121100000000100000000000012N071211120000000000000330000000000000000000000000000000000000000000000200360305159723104 Caixa Econômica Federal             Rua Teodoro Sampaio,  ,429                          05405000                                                            000012
1                   000902692011248461-2426                   0000000000000002426300000000002               012426      19121100000000144000000000012N071211120000000000000480000000000000000000000000000000000000000000000210732210000128Almeida Tavares Sanches e Silva         Alameda Santos ,2335-6º andar                       01419002                                                            000013
1                   000902692011248461-2427                   0000000000000002427100000000002               012427      23121100000000210000000000012N071211120000000000000700000000000000000000000000000000000000000000000233479023000180BANCO CITIBANK S.A                      Avenida Paulista, nº 1.111, 2º andar,1.1            01311920                                                            000014
1                   000902692011248461-2428                   0000000000000002428P00000000002               012428      19121100000000200000000000012N081211120000000000000670000000000000000000000000000000000000000000000233479023000180BANCO CITIBANK S.A                      Avenida Paulista,,1.111-2º andar                    01311920                                                            000015
1                   000902692011248461-2429                   0000000000000002429800000000002               012429      19121100000000040250000000012N081211120000000000000130000000000000000000000000000000000000000000000210377191000169ACM ASSESSORIA CONTABIL LTDA            Avenida Capitão Mário Toledo de Camargo,            09170150                                                            000016
1                   000902692011248461-2430                   0000000000000002430100000000002               012430      19121100000000184000000000012N081211120000000000000610000000000000000000000000000000000000000000000210377191000169ACM ASSESSORIA CONTABIL LTDA            Avenida Capitão Mário Toledo de Camargo,            09170150                                                            000017
1                   000902692011248461-2431                   0000000000000002431P00000000002               012431      19121100000000076000000000012N081211120000000000000250000000000000000000000000000000000000000000000200360305267887104 Caixa Econômica Federal             Rua São Joaquim,,69-5º andar                        01508000                                                            000018
1                   000902692011248461-2432                   0000000000000002432800000000002               012432      19121100000000144000000000012N081211120000000000000480000000000000000000000000000000000000000000000200360305267887104 Caixa Econômica Federal             Rua São Joaquim ,69-5º andar                        01508001                                                            000019
1                   000902692011248461-2433                   0000000000000002433600000000002               012433      19121100000000170000000000012N081211120000000000000570000000000000000000000000000000000000000000000209624793000194BIANCHINI SOCIEDADE DE ADVOGADOS        Avenida Pedroso de Morais,2315                      05419001                                                            000020
1                   000902692011248461-2434                   0000000000000002434400000000002               012434      23121100000007083850000000012N081211120000000000023610000000000000000000000000000000000000000000000207450604000189Bicbanco S/A                            Avenida Paulista,,1048-12º andar                    01310100                                                            000021
1                   000902692011248461-2435                   0000000000000002435200000000002               012435      19121100000000140000000000012N081211120000000000000470000000000000000000000000000000000000000000000203513451000110NERONE DO BRASIL CIA. Securitizadora de Avenida Paulista,726-Sala 1410 - 14º and            01310100                                                            000022
1                   000902692011248461-2436                   0000000000000002436000000000002               012436      19121100000000040250000000012N091211120000000000000130000000000000000000000000000000000000000000000210377191000169ACM ASSESSORIA CONTABIL LTDA            Avenida Capitão Mário Toledo de Camargo,            09170150                                                            000023
1                   000902692011248461-2437                   0000000000000002437900000000002               012437      19121100000000040250000000012N091211120000000000000130000000000000000000000000000000000000000000000210377191000169ACM ASSESSORIA CONTABIL LTDA            Avenida Capitão Mário Toledo de Camargo,            09170150                                                            000024
1                   000902692011248461-2438                   0000000000000002438700000000002               012438      23121100000000246000000000012N091211120000000000000820000000000000000000000000000000000000000000000209263012000183Fundo de Investimento em Direitos CreditAvenida Paulista ,1499-19º. Andar                   01311200                                                            000025
1                   000902692011248461-2439                   0000000000000002439500000000002               012439      19121100000000100000000000012N091211120000000000000330000000000000000000000000000000000000000000000253283180000122Tesheiner Cavassani e Giacomazi AdvogadoRua João Adolfo,118-Conj. 405                       01050020                                                            000026
1                   000902692011248461-2440                   0000000000000002440900000000002               012440      19121100000000100000000000012N091211120000000000000330000000000000000000000000000000000000000000000253283180000122Tesheiner Cavassani e Giacomazi AdvogadoRua João Adolfo,118-Conj. 405                       01050020                                                            000027
1                   000902692011248461-2441                   0000000000000002441700000000002               012441      19121100000000100000000000012N091211120000000000000330000000000000000000000000000000000000000000000253283180000122Tesheiner Cavassani e Giacomazi AdvogadoRua João Adolfo,118-Conj. 405                       01050020                                                            000028
1                   000902692011248461-2442                   0000000000000002442500000000002               012442      19121100000000520000000000012N091211120000000000001730000000000000000000000000000000000000000000000233479023000180CITIBANK RISK MANAGEMENT                Avenida Paulista, nº 1.111, 2º andar,1.1            01311920                                                            000029
1                   000902692011248461-2268                   0000000000000002268600000000002               062268      15121100000000200000000000012N281111120000000000010000000000000000000000000000000000000000000000000201701201000189HSBC Bank Brasil S.A. - Banco Multiplo -Rua Doutor Seidel,,425                              05315000                                                            000030
1                   000902692011248461-2268                   0000000000000002268600000000002               062268      19121100000000200000000000012N281111120000000000010000000000000000000000000000000000000000000000000201701201000189HSBC Bank Brasil S.A. - Banco Multiplo -Rua Doutor Seidel,,425                              05315000                                                            000031
1                   000902692011248461-2268                   0000000000000002268600000000002               312268      19121100000000200000000000012N281111120000000000010000000000000000000000000000000000000000000000000201701201000189HSBC Bank Brasil S.A. - Banco Multiplo -Rua Doutor Seidel,,425                              05315000                                                            000032
1                   000902692011248461-2245                   0000000000000002245700000000002               022245      05121100000000432000000000012N231111120000000000010000000000000000000000000000000000000000000000000210732210000128Almeida Tavares Sanches e Silva         Alameda Santos ,2335-6º andar                       01419002                                                            000033
1                   000902692011248461-1902                   0000000000000001902200000000002               021902      17101100000000200000000000012N071011120000000000010000000000000000000000000000000000000000000000000210732210000128Almeida Tavares Sanches e Silva         Alameda Santos ,2335-6º andar                       01419002                                                            000034
1                   000902692011248461-1921                   0000000000000001921900000000002               021921      21101100000000138000000000012N111011120000000000010000000000000000000000000000000000000000000000000210732210000128Almeida Tavares Sanches e Silva         Alameda Santos ,2335-6º andar                       01419002                                                            000035
1                   000902692011248461-1787                   0000000000000001787900000000002               021787      17101100000001728000000000012N300911120000000000010000000000000000000000000000000000000000000000000207964366000120FUNDO DE INVESTIMENTO EM DIREITOS CREDITAvenida Paulista ,1499-19º andar                    01311200                                                            000036
1                   000902692011248461-1736                   0000000000000001736400000000002               021736      10101100000000160000000000012N230911120000000000010000000000000000000000000000000000000000000000000207964366000120FUNDO DE INVESTIMENTO EM DIREITOS CREDITAvenida Paulista ,1499-19º andar                    01311200                                                            000037
1                   000902692011248461-1789                   0000000000000001789500000000002               021789      17101100000000842000000000012N300911120000000000010000000000000000000000000000000000000000000000000207964366000120FUNDO DE INVESTIMENTO EM DIREITOS CREDITAvenida Paulista ,1499-19º andar                    01311200                                                            000038
9                                                                                                                                                                                                                                                                                                                                                                                                         000039