01REMESSA01COBRANCA       00000000000004130991SISTEMA DE CARTóRIO CERTIDõES 237BRADESCO       120911        MX0000437                                                                                                                                                                                                                                                                                     000001
1                   000902692011248461-1645                   0000000000000001645700000000002               011645      19091100000000180000000000012N090911120000000000000600000000000000000000000000000000000000000000000100017683448842LUIS MARTINS NETTO                      Rua Barão de Ladário,670-SL. 404                    03010000                                                            000002
1                   000902692011248461-1646                   0000000000000001646500000000002               011646      19091100000000180000000000012N090911120000000000000600000000000000000000000000000000000000000000000246020178000103SUNNY INDUSTRIA E COMERCIO TEXTIL LTDA  Rua Miller ,356                                     03011010                                                            000003
1                   000902692011248461-1647                   0000000000000001647300000000002               011647      19091100000000500000000000012N090911120000000000001670000000000000000000000000000000000000000000000100016874836803MARCO ANTONIO VISTUE DOS SANTOS         Rua Henrique Dias,263                               03009020                                                            000004
1                   000902692011248461-1648                   0000000000000001648100000000002               011648      19091100000000142000000000012N090911120000000000000470000000000000000000000000000000000000000000000210377191000169ACM  Legalizações Empresariais Ltda. - MAvenida Capitão Mário Toledo de Camargo,            09170150                                                            000005
1                   000902692011248461-1649                   0000000000000001649P00000000002               011649      13091100000018000000000000012N090911000000000000000000000000000000000000000000000000000000000000000100000000577707ALEXANDRE DE MENDONÇA CAVALCANTI        RUA VISCONDE DE MAUA, 348                           95680000                                                            000006
1                   000902692011248461-1650                   0000000000000001650300000000002               011650      22091100000000154000000000012N120911120000000000000510000000000000000000000000000000000000000000000270940994000101PANDURATA ALIMENTOS LTDA.               Rua Fritz Reimann,628-3º andar                      07044020                                                            000007
1                   000902692011248461-1651                   0000000000000001651100000000002               011651      22091100000000317780000000012N120911120000000000001060000000000000000000000000000000000000000000000100017683448842LUIS MARTINS NETTO                      Rua Barão de Ladário,670-SL. 404                    03010000                                                            000008
1                   000902692011248461-1652                   0000000000000001652P00000000002               011652      03101100000000152000000000012N120911120000000000000510000000000000000000000000000000000000000000000209263012000183Fundo de Investimento em Direitos CreditAvenida Paulista ,1499-19º. Andar                   01311200                                                            000009
1                   000902692011248461-1653                   0000000000000001653800000000002               011653      22091100000000152000000000012N120911120000000000000510000000000000000000000000000000000000000000000200360305267887104 Caixa Econômica Federal             Rua São Joaquim,,69-5º andar                        01508000                                                            000010
1                   000902692011248461-1654                   0000000000000001654600000000002               011654      22091100000000116000000000012N120911120000000000000390000000000000000000000000000000000000000000000200360305403900104 Caixa Econômica Federal             Estrada Kizaemon Takeuti ,2687                      06775003                                                            000011
1                   000902692011248461-1655                   0000000000000001655400000000002               011655      22091100000000076000000000012N120911120000000000000250000000000000000000000000000000000000000000000200360305267887104 Caixa Econômica Federal             Rua São Joaquim ,69-5º andar                        01508001                                                            000012
1                   000902692011248461-1656                   0000000000000001656200000000002               011656      22091100000000140000000000012N120911120000000000000470000000000000000000000000000000000000000000000217184037019724389 Banco Mercantil do Brasil S.A.      Rua Capitão Gabriel,235                             07011010                                                            000013
1                   000902692011248461-1608                   0000000000000001608200000000002               021608      09091100000018000000000000012N050911000000000000000000000000000000000000000000000000000000000000000100000000577707ALEXANDRE DE MENDONÇA CAVALCANTI        RUA VISCONDE DE MAUA, 348                           95680000                                                            000014
1                   000902692011248461-960                    0000000000000000960400000000002               02960       26071100000000945600000000012N270611120000000000010000000000000000000000000000000000000000000000000233479023000180BANCO CITIBANK S/A                      Avenida Paulista,,1.111-2º andar                    01311920                                                            000015
1                   000902692011248461-966                    0000000000000000966300000000002               02966       26071100000000320000000000012N280611120000000000010000000000000000000000000000000000000000000000000233479023000180BANCO CITIBANK S/A                      Avenida Paulista, ,1.111-2º andar                   01311920                                                            000016
1                   000902692011248461-1096                   0000000000000001096300000000002               021096      18071100000001103200000000012N070711120000000000010000000000000000000000000000000000000000000000000233479023000180CITIBANK RISK MANAGEMENT                Avenida Paulista, ,1.111-2º andar                   01311920                                                            000017
9                                                                                                                                                                                                                                                                                                                                                                                                         000018