01REMESSA01COBRANCA       00000000000004130991SISTEMA DE CARTóRIO CERTIDõES 237BRADESCO       120511        MX0000362                                                                                                                                                                                                                                                                                     000001
1                   000902692011248461-687                    0000000000000000687700000000002               01687       27051100000017500000000000012N110511060500000000000000000000000000000000000000000000000000000000000100004697544943Eduardo H. Ogliari                      Rua Candido Xavier, 917                             80320220                                                            000002
1                   000902692011248461-688                    0000000000000000688500000000002               01688       23051100000000094000000000012N110511060500000000000310000000000000000000000000000000000000000000000100093938845449JOSÉ CICERO DOS SANTOS                  Avenida Washington Luis   2395                      09390140                                                            000003
1                   000902692011248461-689                    0000000000000000689300000000002               01689       23051100000000090000000000012N110511000000000000000300000000000000000000000000000000000000000000000100023423289821VALENTINA AMARANTA ZUNIGA RETAMALES     Rua Espirito Santo,93                               09450000                                                            000004
1                   000902692011248461-690                    0000000000000000690700000000002               01690       23051100000000090000000000012N110511000000000000000300000000000000000000000000000000000000000000000100006227348813SUELI PINHEIRO                          Rua Gervásio Leite Rebelo,1322                      02675050                                                            000005
1                   000902692011248461-691                    0000000000000000691500000000002               01691       23051100000000179000000000012N110511000000000000000600000000000000000000000000000000000000000000000100039034232972VALCECI COELHO                          Rua Banibás,234                                     05460010                                                            000006
1                   000902692011248461-692                    0000000000000000692300000000002               01692       23051100000000179000000000012N110511000000000000000600000000000000000000000000000000000000000000000100033260064893MARIA LUCIENE DA CRUZ BATISTA           Rua Montreal,30                                     06866260                                                            000007
1                   000902692011248461-693                    0000000000000000693100000000002               01693       23051100000000100000000000012N110511000000000000000330000000000000000000000000000000000000000000000253283180000122Tesheiner Cavassani e Giacomazi AdvogadoRua João Adolfo,118-Conj. 405                       01050020                                                            000008
1                   000902692011248461-694                    0000000000000000694P00000000002               01694       23051100000000058000000000012N110511000000000000000190000000000000000000000000000000000000000000000202263522000101CIENCIA E NATUREZA COMERCIO DE PRODUTOS Avenida Engenheiro Luiz Carlos Berrini ,            04571010                                                            000009
1                   000902692011248461-695                    0000000000000000695800000000002               01695       23051100000000253000000000012N110511000000000000000840000000000000000000000000000000000000000000000260419959000198Clube dos Subtenentes e Sargentos do II Rua Professor José Azevedo Minhoto,435              06114000                                                            000010
1                   000902692011248461-696                    0000000000000000696600000000002               01696       23051100000000078200000000012N110511000000000000000260000000000000000000000000000000000000000000000200360305025441104 Caixa Econômica Federal             RUA: Joaquim Floriano, ,446                         04534002                                                            000011
1                   000902692011248461-697                    0000000000000000697400000000002               01697       23051100000000367760000000012N110511000000000000001230000000000000000000000000000000000000000000000100016874836803MARCO ANTONIO VISTUE DOS SANTOS         Rua Henrique Dias,239 e 263                         03009020                                                            000012
1                   000902692011248461-698                    0000000000000000698200000000002               01698       23051100000000467990000000012N110511000000000000001560000000000000000000000000000000000000000000000205888414000112CREAÇÕES MX FASHION LIMITADA            Rua Aimorés - lado par,210                          01122010                                                            000013
9                                                                                                                                                                                                                                                                                                                                                                                                         000014