01REMESSA01COBRANCA       00000000000004130991SISTEMA DE CARTóRIO CERTIDõES 237BRADESCO       120411        MX0000346                                                                                                                                                                                                                                                                                     000001
1                   000902692011248461-455                    0000000000000000455600000000002               01455       18041100000000038940000000012N080411000000000000000130000000000000000000000000000000000000000000000100017115661871Nelson Cândido                          Rua Antonio Ferreira de Almeida,347                 12980000                                                            000002
1                   000902692011248461-456                    0000000000000000456400000000002               01456       18041100000000244200000000012N080411000000000000000810000000000000000000000000000000000000000000000208351432000159LIBRO COMPANHIA SECURITIZADORA DE CREDITAvenida Paulista,1499 – 19º. Andar ,1499            01311200                                                            000003
1                   000902692011248461-457                    0000000000000000457200000000002               01457       18041100000000078200000000012N080411000000000000000260000000000000000000000000000000000000000000000200360305024550104 Caixa Econômica Federal             Avenida Doutor Gastão Vidigal,,1437                 05314000                                                            000004
1                   000902692011248461-458                    0000000000000000458000000000002               01458       12041100000064000000000000012N080411060500000000000000000000000000000000000000000000000000000000000100027336131387Eldon Tajra Evangelista de Souza        Rua Azar Chaib, 366                                 64053290                                                            000005
1                   000902692011248461-459                    0000000000000000459900000000002               01459       18041100000000500000000000012N080411000000000000001670000000000000000000000000000000000000000000000209313766000109Caruana S/A Sociedade de Crédito Financ Av Das Nações Unidas nº 11541 11º Andar             04578000                                                            000006
1                   000902692011248461-460                    0000000000000000460200000000002               01460       18041100000000078200000000012N080411000000000000000260000000000000000000000000000000000000000000000200360305267887104 Caixa Econômica Federal             Rua São Joaquim ,69-5º andar                        01508001                                                            000007
1                   000902692011248461-461                    0000000000000000461000000000002               01461       21041100000000907190000000012N110411000000000000003020000000000000000000000000000000000000000000000203723171000137E Cunha Consultoria Empresarial Ltda.   Rua Nova York ,959-conj. 52                         04560002                                                            000008
1                   000902692011248461-462                    0000000000000000462900000000002               01462       21041100000000886500000000012N110411000000000000002960000000000000000000000000000000000000000000000200360305181656104 Caixa Econômica Federal             Avenida Santo Amaro ,7237                           04701200                                                            000009
1                   000902692011248461-463                    0000000000000000463700000000002               01463       22041100000000034900000000012N120411000000000000000120000000000000000000000000000000000000000000000201701201191260399 HSBC Bank Brasil S.A. - Banco MultipAvenida Sapopemba ,4100                             03374000                                                            000010
1                   000902692011248461-464                    0000000000000000464500000000002               01464       22041100000000088000000000012N120411000000000000000290000000000000000000000000000000000000000000000200360305267887104 Caixa Econômica Federal             Rua São Joaquim ,69-5º andar                        01508001                                                            000011
1                   000902692011248461-465                    0000000000000000465300000000002               01465       05061100000003333330000000012N120411060500000000000000000000000000000000000000000000000000000000000100003103794827Rita Maria Gaona                        Av. Professor João Fiusa, 2161 - apto 44            14024250                                                            000012
1                   000902692011248461-466                    0000000000000000466100000000002               01466       05071100000003333330000000012N120411060500000000000000000000000000000000000000000000000000000000000100003103794827Rita Maria Gaona                        Av. Professor João Fiusa, 2161 - apto 44            14024250                                                            000013
1                   000902692011248461-467                    0000000000000000467P00000000002               01467       05081100000003333330000000012N120411060500000000000000000000000000000000000000000000000000000000000100003103794827Rita Maria Gaona                        Av. Professor João Fiusa, 2161 - apto 44            14024250                                                            000014
1                   000902692011248461-468                    0000000000000000468800000000002               01468       05091100000003333330000000012N120411060500000000000000000000000000000000000000000000000000000000000100003103794827Rita Maria Gaona                        Av. Professor João Fiusa, 2161 - apto 44            14024250                                                            000015
1                   000902692011248461-469                    0000000000000000469600000000002               01469       05101100000003333330000000012N120411060500000000000000000000000000000000000000000000000000000000000100003103794827Rita Maria Gaona                        Av. Professor João Fiusa, 2161 - apto 44            14024250                                                            000016
1                   000902692011248461-470                    0000000000000000470P00000000002               01470       05111100000003333330000000012N120411060500000000000000000000000000000000000000000000000000000000000100003103794827Rita Maria Gaona                        Av. Professor João Fiusa, 2161 - apto 44            14024250                                                            000017
1                   000902692011248461-471                    0000000000000000471800000000002               01471       05061100000003333330000000012N120411060500000000000000000000000000000000000000000000000000000000000100031076131859Rodrigo de Melo Alvarenga               Rua Barão do Amazonas, 1167 apto 111                14024250                                                            000018
1                   000902692011248461-472                    0000000000000000472600000000002               01472       05071100000003333330000000012N120411060500000000000000000000000000000000000000000000000000000000000100031076131859Rodrigo de Melo Alvarenga               Rua Barão do Amazonas, 1167 apto 111                14010120                                                            000019
1                   000902692011248461-473                    0000000000000000473400000000002               01473       05081100000003333330000000012N120411060500000000000000000000000000000000000000000000000000000000000100031076131859Rodrigo de Melo Alvarenga               Rua Barão do Amazonas, 1167 apto 111                14010120                                                            000020
1                   000902692011248461-474                    0000000000000000474200000000002               01474       05091100000003333330000000012N120411060500000000000000000000000000000000000000000000000000000000000100031076131859Rodrigo de Melo Alvarenga               Rua Barão do Amazonas, 1167 apto 111                14010120                                                            000021
1                   000902692011248461-475                    0000000000000000475000000000002               01475       05101100000003333330000000012N120411060500000000000000000000000000000000000000000000000000000000000100031076131859Rodrigo de Melo Alvarenga               Rua Barão do Amazonas, 1167 apto 111                14010120                                                            000022
1                   000902692011248461-476                    0000000000000000476900000000002               01476       05111100000003333330000000012N120411060500000000000000000000000000000000000000000000000000000000000100031076131859Rodrigo de Melo Alvarenga               Rua Barão do Amazonas, 1167 apto 111                14010120                                                            000023
1                   000902692011248461-450                    0000000000000000450500000000002               06450       18041100000010537150000000012N070411000000000000010000000000000000000000000000000000000000000000000292894922000108BANCO MATONE (Núcleo Consignado RJ - MatAvenida Rio Branco,80-8º  e 9º andar                20040070                                                            000024
9                                                                                                                                                                                                                                                                                                                                                                                                         000025