01REMESSA01COBRANCA       00000000000004130991SISTEMA DE CARTóRIO CERTIDõES 237BRADESCO       120312        MX0000511                                                                                                                                                                                                                                                                                     000001
1                   000902692011248461-3163                   0000000000000003163400000000002               013163      19031200000000779940000000012N090312120000000000002600000000000000000000000000000000000000000000000253283180000122Tesheiner Cavassani e Giacomazi AdvogadoRua João Adolfo,118-Conj. 405                       01050020                                                            000002
1                   000902692011248461-3164                   0000000000000003164200000000002               013164      19031200000000179400000000012N090312120000000000000600000000000000000000000000000000000000000000000200360305024208104 Caixa Econômica Federal             Largo da Concórdia,211                              03012010                                                            000003
1                   000902692011248461-3165                   0000000000000003165000000000002               013165      19031200000000089700000000012N090312120000000000000300000000000000000000000000000000000000000000000200360305024208104 Caixa Econômica Federal             Largo da Concórdia,211                              03012010                                                            000004
1                   000902692011248461-3166                   0000000000000003166900000000002               013166      19031200000000266560000000012N0903121200000000000008900000000000000000000000000000000000000000000002000000003900461 Banco do Brasil S.A.                  Rua Sete de Setembro,1041                           90010191                                                            000005
1                   000902692011248461-3167                   0000000000000003167700000000002               013167      21031200000000077000000000012N090312120000000000000260000000000000000000000000000000000000000000000270940994000101PANDURATA ALIMENTOS LTDA.               Rua Fritz Reimann,628-3º andar                      07044020                                                            000006
1                   000902692011248461-3168                   0000000000000003168500000000002               013168      19031200000000149500000000012N090312120000000000000500000000000000000000000000000000000000000000000203301938000130SPLENDIDO ALIMENTACAO E SERVICOS LTDA   Rua do Orfanato,760-Sala 113 // 11º anda            03131010                                                            000007
1                   000902692011248461-3169                   0000000000000003169300000000002               013169      19031200000000393340000000012N090312120000000000001310000000000000000000000000000000000000000000000253283180000122Tesheiner Cavassani e Giacomazi AdvogadoRua João Adolfo,118-Conj. 405                       01050020                                                            000008
1                   000902692011248461-2912                   0000000000000002912500000000002               062912      30031200000000446610000000012N090212120000000000010000000000000000000000000000000000000000000000000209263012000183LIBRO COMPANHIA SECURITIZADORA DE CREDITAvenida Paulista ,1499-19º. Andar                   01311200                                                            000009
9                                                                                                                                                                                                                                                                                                                                                                                                         000010