01REMESSA01COBRANCA       00000000000004130991SISTEMA DE CARTóRIO CERTIDõES 237BRADESCO       131011        MX0000453                                                                                                                                                                                                                                                                                     000001
1                   000902692011248461-1907                   0000000000000001907300000000002               011907      21101100000000076000000000012N111011120000000000000250000000000000000000000000000000000000000000000200360305267887104 Caixa Econômica Federal             Rua São Joaquim,,69-5º andar                        01508000                                                            000002
1                   000902692011248461-1908                   0000000000000001908100000000002               011908      21101100000000242000000000012N111011120000000000000810000000000000000000000000000000000000000000000200360305160810104 Caixa Econômica Federal             Rua Antônio Bernardo Coutinho,,149                  06013050                                                            000003
1                   000902692011248461-1909                   0000000000000001909P00000000002               011909      21101100000000484000000000012N111011120000000000001610000000000000000000000000000000000000000000000200360305297875104 Caixa Econômica Federal             Rua Dom José Gaspar,1194                            09370670                                                            000004
1                   000902692011248461-1910                   0000000000000001910300000000002               011910      21101100000000170000000000012N111011120000000000000570000000000000000000000000000000000000000000000209624793000194BIANCHINI SOCIEDADE DE ADVOGADOS        Avenida Pedroso de Morais,2315                      05419001                                                            000005
1                   000902692011248461-1911                   0000000000000001911100000000002               011911      21101100000000030000000000012N111011120000000000000100000000000000000000000000000000000000000000000100017683448842LUIS MARTINS NETTO                      Rua Barão de Ladário,670-Sl. 404                    03010000                                                            000006
1                   000902692011248461-1912                   0000000000000001912P00000000002               011912      21101100000001441060000000012N111011120000000000004800000000000000000000000000000000000000000000000270940994000101PANDURATA ALIMENTOS LTDA.               Rua Fritz Reimann,628-3º andar                      07044020                                                            000007
1                   000902692011248461-1913                   0000000000000001913800000000002               011913      31101100000000326000000000012N111011120000000000001090000000000000000000000000000000000000000000000208848247000174RECOVERY DO BRASIL FUNDO DE INVESTIMENTOAvenida Paulista,1499-19º. Andar                    01311200                                                            000008
1                   000902692011248461-1914                   0000000000000001914600000000002               011914      21101100000000522000000000012N111011120000000000001740000000000000000000000000000000000000000000000203723171000137E Cunha Consultoria Empresarial Ltda.   Rua Nova York ,959                                  04560002                                                            000009
1                   000902692011248461-1915                   0000000000000001915400000000002               011915      01111100000000132660000000012N111011120000000000000440000000000000000000000000000000000000000000000292894922000108BANCO MATONE (Núcleo Consignado RJ - MatAvenida Rio Branco,115-18º andar                    20040004                                                            000010
1                   000902692011248461-1916                   0000000000000001916200000000002               011916      31101100000000046000000000012N111011120000000000000150000000000000000000000000000000000000000000000209263012000183Fundo de Investimento em Direitos CreditAvenida Paulista ,1499-19º. Andar                   01311200                                                            000011
1                   000902692011248461-1917                   0000000000000001917000000000002               011917      21101100000000040250000000012N111011120000000000000130000000000000000000000000000000000000000000000202263522000101CIENCIA E NATUREZA COMERCIO DE PRODUTOS Rua Pensilvânia ,442                                04564001                                                            000012
1                   000902692011248461-1918                   0000000000000001918900000000002               011918      18101100000007500000000000012N111011000000000000000000000000000000000000000000000000000000000000000100025594133615MOEMA DEQUECH CARVALHO                  ALAMEDA SERRA DA MANTIQUEIRA, 767                   34000000                                                            000013
1                   000902692011248461-1919                   0000000000000001919700000000002               011919      18101100000007500000000000012N111011000000000000000000000000000000000000000000000000000000000000000100025594133615MOEMA DEQUECH CARVALHO                  ALAMEDA SERRA DA MANTIQUEIRA, 767                   34000000                                                            000014
1                   000902692011248461-1920                   0000000000000001920000000000002               011920      18101100000012500000000000012N111011000000000000000000000000000000000000000000000000000000000000000100025594133615MOEMA DEQUECH CARVALHO                  ALAMEDA SERRA DA MANTIQUEIRA, 767                   34000000                                                            000015
1                   000902692011248461-1921                   0000000000000001921900000000002               011921      21101100000000138000000000012N111011120000000000000460000000000000000000000000000000000000000000000210732210000128Almeida Tavares Sanches e Silva         Alameda Santos ,2335-6º andar                       01419002                                                            000016
1                   000902692011248461-1922                   0000000000000001922700000000002               011922      21101100000000210000000000012N111011120000000000000700000000000000000000000000000000000000000000000209263012000183Fundo de Investimento em Direitos CreditAvenida Paulista ,1499-19º. Andar                   01311200                                                            000017
1                   000902692011248461-1923                   0000000000000001923500000000002               011923      21101100000000040000000000012N1110111200000000000001300000000000000000000000000000000000000000000002000000000001911 Banco do Brasil S.A.                  Avenida Nazaré ,595                                 04263000                                                            000018
1                   000902692011248461-1924                   0000000000000001924300000000002               011924      21101100000000288710000000012N111011120000000000000960000000000000000000000000000000000000000000000253283180000122Tesheiner Cavassani e Giacomazi AdvogadoRua João Adolfo,118-Conj. 405                       01050020                                                            000019
1                   000902692011248461-1925                   0000000000000001925100000000002               011925      21101100000000100000000000012N111011120000000000000330000000000000000000000000000000000000000000000253283180000122Tesheiner Cavassani e Giacomazi AdvogadoRua João Adolfo,118-Conj. 405                       01050020                                                            000020
1                   000902692011248461-1926                   0000000000000001926P00000000002               011926      21101100000000285850000000012N111011120000000000000950000000000000000000000000000000000000000000000253283180000122Tesheiner Cavassani e Giacomazi AdvogadoRua João Adolfo,118-Conj. 405                       01050020                                                            000021
1                   000902692011248461-1927                   0000000000000001927800000000002               011927      21101100000000348880000000012N111011120000000000001160000000000000000000000000000000000000000000000253283180000122Tesheiner Cavassani e Giacomazi AdvogadoRua João Adolfo,118-Conj. 405                       01050020                                                            000022
1                   000902692011248461-1928                   0000000000000001928600000000002               011928      21101100000000100000000000012N111011120000000000000330000000000000000000000000000000000000000000000253283180000122Tesheiner Cavassani e Giacomazi AdvogadoRua João Adolfo,118-Conj. 405                       01050020                                                            000023
1                   000902692011248461-1929                   0000000000000001929400000000002               011929      25101100000000154000000000012N111011120000000000000510000000000000000000000000000000000000000000000270940994000101PANDURATA ALIMENTOS LTDA.               Rua Fritz Reimann,628-3º andar                      07044020                                                            000024
1                   000902692011248461-1930                   0000000000000001930800000000002               011930      21101100000000040250000000012N111011120000000000000130000000000000000000000000000000000000000000000210377191000169ACM  Legalizações Empresariais Ltda. - MAvenida Capitão Mário Toledo de Camargo,            09170150                                                            000025
1                   000902692011248461-1931                   0000000000000001931600000000002               011931      21101100000000040000000000012N111011120000000000000130000000000000000000000000000000000000000000000251181287000134Extinpaul Equipamentos Contra Incêndio LRua Campista,88                                     02314080                                                            000026
1                   000902692011248461-1932                   0000000000000001932400000000002               011932      14101100000020000000000000012N111011000000000000000000000000000000000000000000000000000000000000000100074336533768HUMBERTO LIMA PAIM                      RUA ILHA REDONDA,34 CASA A                          23937050                                                            000027
1                   000902692011248461-1933                   0000000000000001933200000000002               011933      28111100000020000000000000012N111011000000000000000000000000000000000000000000000000000000000000000100074336533768HUMBERTO LIMA PAIM                      RUA ILHA REDONDA,34 CASA A                          23937050                                                            000028
1                   000902692011248461-1934                   0000000000000001934000000000002               011934      25101100000012500000000000012N131011000000000000000000000000000000000000000000000000000000000000000100048536741600MARA KATIA PEIXOTO RENAULT DE MEDONÇA   RUA ARTHUR ALBINO, 44                               36400000                                                            000029
1                   000902692011248461-1935                   0000000000000001935900000000002               011935      28111100000012500000000000012N131011000000000000000000000000000000000000000000000000000000000000000100048536741600MARA KATIA PEIXOTO RENAULT DE MEDONÇA   RUA ARTHUR ALBINO, 44                               36400000                                                            000030
1                   000902692011248461-1936                   0000000000000001936700000000002               011936      25101100000011500000000000012N131011000000000000000000000000000000000000000000000000000000000000000100048536741600MARA KATIA PEIXOTO RENAULT DE MEDONÇA   RUA ARTHUR ALBINO, 44                               36400000                                                            000031
1                   000902692011248461-1937                   0000000000000001937500000000002               011937      28111100000011500000000000012N131011000000000000000000000000000000000000000000000000000000000000000100048536741600MARA KATIA PEIXOTO RENAULT DE MEDONÇA   RUA ARTHUR ALBINO, 44                               36400000                                                            000032
1                   000902692011248461-1938                   0000000000000001938300000000002               011938      25101100000020000000000000012N131011000000000000000000000000000000000000000000000000000000000000000100090173163653ROMULO PEREIRA NUNES                    RUA PROFESSORA ELZA CARNEIRO FRANCO, 623            38701112                                                            000033
1                   000902692011248461-1939                   0000000000000001939100000000002               011939      25101100000030000000000000012N131011000000000000000000000000000000000000000000000000000000000000000100091478820268RILNO DA SILVA SOUSA                    RUA DOS TAPEREBAS, 713 - RESIDENCIAL SIQ            68980000                                                            000034
1                   000902692011248461-1940                   0000000000000001940500000000002               011940      14111100000030000000000000012N131011000000000000000000000000000000000000000000000000000000000000000100091478820268RILNO DA SILVA SOUSA                    RUA DOS TAPEREBAS, 713 - RESIDENCIAL SIQ            68980000                                                            000035
1                   000902692011248461-1795                   0000000000000001795P00000000002               021795      07101100000007500000000000012N031011000000000000000000000000000000000000000000000000000000000000000100025594133615MOEMA DEQUECH CARVALHO                  ALAMEDA SERRA DA MANTIQUEIRA, 767                   34000000                                                            000036
1                   000902692011248461-1793                   0000000000000001793300000000002               021793      07101100000007500000000000012N300911000000000000000000000000000000000000000000000000000000000000000100025594133615MOEMA DEQUECH CARVALHO                  ALAMEDA DAS HORTENCIAS, 30                          34000000                                                            000037
1                   000902692011248461-1797                   0000000000000001797600000000002               021797      07101100000012500000000000012N031011000000000000000000000000000000000000000000000000000000000000000100025594133615MOEMA DEQUECH CARVALHO                  ALAMEDA SERRA DA MANTIQUEIRA, 767                   34000000                                                            000038
1                   000902692011248461-1893                   0000000000000001893P00000000002               021893      17101100000000240000000000012N061011120000000000010000000000000000000000000000000000000000000000000200360305167904104 Caixa Econômica Federal             Avenida Paulista, ,302                              01310000                                                            000039
1                   000902692011248461-1885                   0000000000000001885900000000002               021885      07101100000025000000000000012N051011000000000000000000000000000000000000000000000000000000000000000100074336533768HUMBERTO LIMA PAIM                      RUA ILHA REDONDA,34 CASA A                          23937050                                                            000040
1                   000902692011248461-1886                   0000000000000001886700000000002               021886      21111100000025000000000000012N051011000000000000000000000000000000000000000000000000000000000000000100074336533768HUMBERTO LIMA PAIM                      RUA ILHA REDONDA,34 CASA A                          23937050                                                            000041
1                   000902692011248461-1887                   0000000000000001887500000000002               021887      05021200000010000000000000012N051011000000000000000000000000000000000000000000000000000000000000000100074336533768HUMBERTO LIMA PAIM                      RUA ILHA REDONDA,34 CASA A                          23937050                                                            000042
1                   000902692011248461-1740                   0000000000000001740200000000002               061740      30101100000000106930000000012N230911120000000000010000000000000000000000000000000000000000000000000292894922000108BANCO MATONE (Núcleo Consignado RJ - MatAvenida Rio Branco,80-8º  e 9º andar                20040070                                                            000043
9                                                                                                                                                                                                                                                                                                                                                                                                         000044