01REMESSA01COBRANCA       00000000000004130991SISTEMA DE CARTóRIO CERTIDõES 237BRADESCO       130611        MX0000384                                                                                                                                                                                                                                                                                     000001
1                   000902692011248461-897                    0000000000000000897700000000002               01897       20061100000000240000000000012N100611000000000000000800000000000000000000000000000000000000000000000200425653000112GIARDINO NOIVAS LTDA ME                 Rua Dutra Rodrigues,74                              01105010                                                            000002
1                   000902692011248461-898                    0000000000000000898500000000002               01898       24061100000000030000000000012N130611000000000000000100000000000000000000000000000000000000000000000211107402000106MARCONE E MARCELO SERVIÇOS AUTOMOTIVOS LAvenida Engenheiro George Corbisier ,273            04345000                                                            000003
1                   000902692011248461-899                    0000000000000000899300000000002               01899       24061100000000570000000000012N130611000000000000001900000000000000000000000000000000000000000000000200360305159723104 Caixa Econômica Federal             Rua Teodoro Sampaio,  ,429                          05405000                                                            000004
1                   000902692011248461-900                    0000000000000000900000000000002               01900       24061100000000510000000000012N130611000000000000001700000000000000000000000000000000000000000000000209263012000183Fundo de Investimento em Direitos CreditAvenida Paulista,1499-19º andar                     01311200                                                            000005
1                   000902692011248461-901                    0000000000000000901900000000002               01901       24061100000000837250000000012N130611000000000000002790000000000000000000000000000000000000000000000209263012000183Fundo de Investimento em Direitos CreditAvenida Paulista,1499-19º andar                     01311200                                                            000006
1                   000902692011248461-902                    0000000000000000902700000000002               01902       24061100000000040000000000012N130611000000000000000130000000000000000000000000000000000000000000000200360305024550104 Caixa Econômica Federal             Avenida Doutor Gastão Vidigal,,1437                 05314000                                                            000007
1                   000902692011248461-903                    0000000000000000903500000000002               01903       24061100000001103200000000012N130611000000000000003680000000000000000000000000000000000000000000000233479023000180CITIBANK RISK MANAGEMENT                Avenida Paulista, nº 1.111, 2º andar,1.1            01311920                                                            000008
1                   000902692011248461-904                    0000000000000000904300000000002               01904       30061100000030000000000000012N130611120000000000000000000000000000000000000000000000000000000000000100082181730563PAULO CESAR ARAUJO SANTOS               RUA ANA MARIA BITTENCOURT, 420                      40391286                                                            000009
1                   000902692011248461-905                    0000000000000000905100000000002               01905       30101100000005000000000000012N130611120000000000000000000000000000000000000000000000000000000000000100082181730563PAULO CESAR ARAUJO SANTOS               RUA ANA MARIA BITTENCOURT, 420                      40391286                                                            000010
1                   000902692011248461-906                    0000000000000000906P00000000002               01906       30111100000005000000000000012N130611120000000000000000000000000000000000000000000000000000000000000100082181730563PAULO CESAR ARAUJO SANTOS               RUA ANA MARIA BITTENCOURT, 420                      40391286                                                            000011
1                   000902692011248461-907                    0000000000000000907800000000002               01907       30121100000005000000000000012N130611120000000000000000000000000000000000000000000000000000000000000100082181730563PAULO CESAR ARAUJO SANTOS               RUA ANA MARIA BITTENCOURT, 420                      40391286                                                            000012
1                   000902692011248461-908                    0000000000000000908600000000002               01908       30011200000005000000000000012N130611120000000000000000000000000000000000000000000000000000000000000100082181730563PAULO CESAR ARAUJO SANTOS               RUA ANA MARIA BITTENCOURT, 420                      40391286                                                            000013
1                   000902692011248461-909                    0000000000000000909400000000002               01909       00000000000005000000000000012N130611120000000000000000000000000000000000000000000000000000000000000100082181730563PAULO CESAR ARAUJO SANTOS               RUA ANA MARIA BITTENCOURT, 420                      40391286                                                            000014
1                   000902692011248461-910                    0000000000000000910800000000002               01910       30031200000005000000000000012N130611120000000000000000000000000000000000000000000000000000000000000100082181730563PAULO CESAR ARAUJO SANTOS               RUA ANA MARIA BITTENCOURT, 420                      40391286                                                            000015
9                                                                                                                                                                                                                                                                                                                                                                                                         000016