01REMESSA01COBRANCA       00000000000004130991SISTEMA DE CARTÛRIO CERTIDıES 237BRADESCO       131011        MX0000454                                                                                                                                                                                                                                                                                     000001
1                   000902692011248461-1676                   0000000000000001676700000000002               021676      20091100000010000000000000012N140911000000000000000000000000000000000000000000000000000000000000000100095744657991ALAN KAMINSKI NASCIMENTO                RUA LUIZ ANTONIO RIBAS CALDAS, 176                  85012300                                                            000002
1                   000902692011248461-1677                   0000000000000001677500000000002               021677      04111100000010000000000000012N140911000000000000000000000000000000000000000000000000000000000000000100095744657991ALAN KAMINSKI NASCIMENTO                RUA LUIZ ANTONIO RIBAS CALDAS, 176                  85012300                                                            000003
9                                                                                                                                                                                                                                                                                                                                                                                                         000004