01REMESSA01COBRANCA       00000000000004130991SISTEMA DE CARTóRIO CERTIDõES 237BRADESCO       130112        MX0000495                                                                                                                                                                                                                                                                                     000001
1                   000902692011248461-2653                   0000000000000002653300000000002               012653      23011200000000840000000000012N130112120000000000002800000000000000000000000000000000000000000000000262232889000190Banco Daycoval S/A                      Avenida Paulista ,1793-02º Andar                    01311200                                                            000002
1                   000902692011248461-2654                   0000000000000002654100000000002               012654      23011200000000840000000000012N130112120000000000002800000000000000000000000000000000000000000000000262232889000190Banco Daycoval S/A                      Avenida Paulista ,1793-02º Andar                    01311200                                                            000003
1                   000902692011248461-2655                   0000000000000002655P00000000002               012655      23011200000000280000000000012N130112120000000000000930000000000000000000000000000000000000000000000262232889000190Banco Daycoval S/A                      Avenida Paulista ,1793-02º Andar                    01311200                                                            000004
1                   000902692011248461-2656                   0000000000000002656800000000002               012656      23011200000000210000000000012N130112120000000000000700000000000000000000000000000000000000000000000205888414000112CREAÇÕES MX FASHION LIMITADA            Rua Aimorés,210                                     01122010                                                            000005
1                   000902692011248461-2657                   0000000000000002657600000000002               012657      23011200000000083000000000012N130112120000000000000280000000000000000000000000000000000000000000000201318126000171DR RAMOS ADVOGADOS ASSOCIADOS.          Rua Voluntários da Pátria,2540                      02402000                                                            000006
1                   000902692011248461-2658                   0000000000000002658400000000002               012658      23011200000000013800000000012N130112120000000000000050000000000000000000000000000000000000000000000217184037010506389 Banco Mercantil do Brasil S.A.      Avenida Paulista ,923                               01311100                                                            000007
1                   000902692011248461-2659                   0000000000000002659200000000002               012659      23011200000000076000000000012N130112120000000000000250000000000000000000000000000000000000000000000200360305267887104 Caixa Econômica Federal             Rua São Joaquim,  - 5º andar,69                     01508000                                                            000008
1                   000902692011248461-2660                   0000000000000002660600000000002               012660      20011200000012500000000000012N130112000000000000000000000000000000000000000000000000000000000000000100028608510898CLAYTON MACHADO SILVA                   RUA ANTONIO PEDRO MAGALHAES 97                      07760000                                                            000009
1                   000902692011248461-2661                   0000000000000002661400000000002               012661      20021200000012500000000000012N130112000000000000000000000000000000000000000000000000000000000000000100028608510898CLAYTON MACHADO SILVA                   RUA ANTONIO PEDRO MAGALHAES 97                      07760000                                                            000010
1                   000902692011248461-2662                   0000000000000002662200000000002               012662      23011200000000076000000000012N130112120000000000000250000000000000000000000000000000000000000000000200360305267887104 Caixa Econômica Federal             Rua São Joaquim,  5º andar,69                       01508000                                                            000011
9                                                                                                                                                                                                                                                                                                                                                                                                         000012