01REMESSA01COBRANCA       00000000000004130991SISTEMA DE CARTóRIO CERTIDõES 237BRADESCO       130711        MX0000402                                                                                                                                                                                                                                                                                     000001
1                   000902692011248461-1125                   0000000000000001125000000000002               011125      25071100000000100000000000012N130711120000000000000330000000000000000000000000000000000000000000000209313766000109CARUANA S/A SOCIEDADE DE CREDITO FINANC AV DAS NAÇÕES UNIDAS,Nº 11541 11º ANDAR             04578000                                                            000002
1                   000902692011248461-1126                   0000000000000001126900000000002               011126      25071100000000160000000000012N130711120000000000000530000000000000000000000000000000000000000000000200360305267887104 Caixa Econômica Federal             Rua São Joaquim ,69-5º andar                        01508001                                                            000003
1                   000902692011248461-1127                   0000000000000001127700000000002               011127      25071100000000100000000000012N130711120000000000000330000000000000000000000000000000000000000000000200360305407131104 Caixa Econômica Federal             Estrada de Itapecerica,3429                         05835000                                                            000004
1                   000902692011248461-1128                   0000000000000001128500000000002               011128      25071100000000284000000000012N130711120000000000000950000000000000000000000000000000000000000000000209263012000183Fundo de Investimento em Direitos CreditAvenida Paulista ,1499-19º. Andar                   01311200                                                            000005
1                   000902692011248461-1129                   0000000000000001129300000000002               011129      25071100000000200000000000012N130711120000000000000670000000000000000000000000000000000000000000000209263012000183Fundo de Investimento em Direitos CreditAvenida Paulista,,1499-19º andar                    01311200                                                            000006
1                   000902692011248461-1019                   0000000000000001019P00000000002               061019      15071100000000027620000000012N030711000000000000010000000000000000000000000000000000000000000000000113372039000181De Paula & França Serviço Privado de IntAv. Nossa Senhora da Penha,235-Loja 03              29055050Protesto após 5 dias                                        000007
1                   000902692011248461-1121                   0000000000000001121800000000002               061121      25071100000001232180000000012N120711120000000000010000000000000000000000000000000000000000000000000209263012000183Fundo de Investimento em Direitos CreditAvenida Paulista,1499-19º andar                     01311200                                                            000008
1                   000902692011248461-1121                   0000000000000001121800000000002               311121      25071100000001232180000000012N120711120000000000010000000000000000000000000000000000000000000000000209263012000183Fundo de Investimento em Direitos CreditAvenida Paulista,1499-19º andar                     01311200                                                            000009
1                   000902692011248461-1121                   0000000000000001121800000000002               311121      25071100000001232180000000012N120711120000000000010000000000000000000000000000000000000000000000000209263012000183Fundo de Investimento em Direitos CreditAvenida Paulista,1499-19º andar                     01311200                                                            000010
9                                                                                                                                                                                                                                                                                                                                                                                                         000011