01REMESSA01COBRANCA       00000000000004130991SISTEMA DE CARTóRIO CERTIDõES 237BRADESCO       130511        MX0000363                                                                                                                                                                                                                                                                                     000001
1                   000902692011248461-699                    0000000000000000699000000000002               01699       23051100000000210000000000012N120511000000000000000700000000000000000000000000000000000000000000000200360305288701104 Caixa Econômica Federal             Rua Estados Unidos,1725                             01427002                                                            000002
1                   000902692011248461-700                    0000000000000000700800000000002               01700       23051100000000090000000000012N120511000000000000000300000000000000000000000000000000000000000000000100052114813800VIDAL VARELLA FILHO                     Rua Xavier Gouveia ,293-APTO 43                     04610011                                                            000003
1                   000902692011248461-701                    0000000000000000701600000000002               01701       27051100000000106930000000012N120511000000000000000360000000000000000000000000000000000000000000000292894922000108BANCO MATONE (Núcleo Consignado RJ - MatAvenida Rio Branco,80-8º  e 9º andar                20040070                                                            000004
1                   000902692011248461-702                    0000000000000000702400000000002               01702       23051100000000148400000000012N120511000000000000000490000000000000000000000000000000000000000000000200360305267887104 Caixa Econômica Federal             Rua São Joaquim ,69-5º andar                        01508001                                                            000005
1                   000902692011248461-703                    0000000000000000703200000000002               01703       18051100000012000000000000012N120511060500000000000000000000000000000000000000000000000000000000000100017322431820RUBENS ROBLES JUNIOR                    RUA DO ORATORIO, 2319 - AP. 91 BL3                  03195100                                                            000006
1                   000902692011248461-690                    0000000000000000690700000000002               02690       23051100000000090000000000012N110511000000000000010000000000000000000000000000000000000000000000000100006227348813SUELI PINHEIRO                          Rua Gervásio Leite Rebelo,1322                      02675050                                                            000007
1                   000902692011248461-145                    0000000000000000145P00000000002               02145       12031100000000234600000000012N020311000000000000010000000000000000000000000000000000000000000000000208351432000159LIBRO COMPANHIA SECURITIZADORA DE CREDITAvenida Paulista,1499 – 19º. Andar ,1499            01311200                                                            000008
1                   000902692011248461-159                    0000000000000000159P00000000002               02159       13031100000000156400000000012N030311000000000000010000000000000000000000000000000000000000000000000208351432000159LIBRO COMPANHIA SECURITIZADORA DE CREDITAvenida Paulista,1499 – 19º. Andar ,1499            01311200                                                            000009
1                   000902692011248461-223                    0000000000000000223500000000002               02223       26031100000000078200000000012N160311000000000000010000000000000000000000000000000000000000000000000208351432000159LIBRO COMPANHIA SECURITIZADORA DE CREDITAvenida Paulista,1499 – 19º. Andar ,1499            01311200                                                            000010
1                   000902692011248461-226                    0000000000000000226P00000000002               02226       26031100000000156400000000012N160311000000000000010000000000000000000000000000000000000000000000000208351432000159LIBRO COMPANHIA SECURITIZADORA DE CREDITAvenida Paulista,1499 – 19º. Andar ,1499            01311200                                                            000011
1                   000902692011248461-233                    0000000000000000233200000000002               02233       26031100000000340000000000012N160311000000000000010000000000000000000000000000000000000000000000000208351432000159LIBRO COMPANHIA SECURITIZADORA DE CREDITAvenida Paulista,1499 – 19º. Andar ,1499            01311200                                                            000012
1                   000902692011248461-456                    0000000000000000456400000000002               02456       18041100000000244200000000012N080411000000000000010000000000000000000000000000000000000000000000000208351432000159LIBRO COMPANHIA SECURITIZADORA DE CREDITAvenida Paulista,1499 – 19º. Andar ,1499            01311200                                                            000013
1                   000902692011248461-510                    0000000000000000510200000000002               02510       28041100000000390000000000012N180411000000000000010000000000000000000000000000000000000000000000000208351432000159LIBRO COMPANHIA SECURITIZADORA DE CREDITAvenida Paulista,1499 – 19º. Andar ,1499            01311200                                                            000014
9                                                                                                                                                                                                                                                                                                                                                                                                         000015