01REMESSA01COBRANCA       00000000000004130991SISTEMA DE CARTóRIO CERTIDõES 237BRADESCO       140212        MX0000504                                                                                                                                                                                                                                                                                     000001
1                   000902692011248461-2895                   0000000000000002895100000000002               012895      20021200000000478000000000012N090212120000000000001590000000000000000000000000000000000000000000000209263012000183Fundo de Investimento em Direitos CreditAvenida Paulista ,1499-19º. Andar                   01311200                                                            000002
1                   000902692011248461-2896                   0000000000000002896P00000000002               012896      20021200000000864000000000012N090212120000000000002880000000000000000000000000000000000000000000000200360305267887104 Caixa Econômica Federal             Rua São Joaquim,,69-5º andar                        01508000                                                            000003
1                   000902692011248461-2897                   0000000000000002897800000000002               012897      20021200000000290000000000012N090212120000000000000970000000000000000000000000000000000000000000000200360305267887104 Caixa Econômica Federal             Rua São Joaquim,,69-5º andar                        01508000                                                            000004
1                   000902692011248461-2898                   0000000000000002898600000000002               012898      19021200000000480000000000012N090212120000000000001600000000000000000000000000000000000000000000000200360305073845104 Caixa Econômica Federal             Rua Campos Sales,,198                               06401000                                                            000005
1                   000902692011248461-2899                   0000000000000002899400000000002               012899      20021200000000400000000000012N090212120000000000001330000000000000000000000000000000000000000000000200360305267887104 Caixa Econômica Federal             Rua São Joaquim ,69-5º andar                        01508001                                                            000006
1                   000902692011248461-2900                   0000000000000002900100000000002               012900      20021200000000280000000000012N090212120000000000000930000000000000000000000000000000000000000000000200360305267887104 Caixa Econômica Federal             Rua São Joaquim ,69-5º andar                        01508001                                                            000007
1                   000902692011248461-2901                   0000000000000002901P00000000002               012901      20021200000000060000000000012N090212120000000000000200000000000000000000000000000000000000000000000100000303916877Enio T. momma                           Rua Luiz Faccini,404                                07110000                                                            000008
1                   000902692011248461-2902                   0000000000000002902800000000002               012902      20021200000000736290000000012N090212120000000000002450000000000000000000000000000000000000000000000200360305068922104 Caixa Econômica Federal             Rua da Consolação,75                                03151120                                                            000009
1                   000902692011248461-2903                   0000000000000002903600000000002               012903      20021200000000192000000000012N090212120000000000000640000000000000000000000000000000000000000000000200360305267887104 Caixa Econômica Federal             Rua São Joaquim, ,69-5º andar                       01508000                                                            000010
1                   000902692011248461-2904                   0000000000000002904400000000002               012904      20021200000000164000000000012N090212120000000000000550000000000000000000000000000000000000000000000200360305289937104 Caixa Econômica Federal             Avenida Brigadeiro Luís Antônio,580                 01318000                                                            000011
1                   000902692011248461-2905                   0000000000000002905200000000002               012905      20021200000000275000000000012N090212120000000000000920000000000000000000000000000000000000000000000200360305116676104 Caixa Econômica Federal             Avenida Carlos de Campos,,160                       03028000                                                            000012
1                   000902692011248461-2906                   0000000000000002906000000000002               012906      29021200000020000000000000012N090212000000000000000000000000000000000000000000000000000000000000000100074152670797MARIA DE FATIMA DOS SANTOS NASCIMENTO   RUA GENERAL DIONISIO, 585, APTO 503                 25075095                                                            000013
1                   000902692011248461-2907                   0000000000000002907900000000002               012907      10031200000014000000000000012N090212000000000000000000000000000000000000000000000000000000000000000100027635121863HUMBERTO DE AQUINO MUZEL                RUA ANTONIO FERRAGUT, 502                           13280000                                                            000014
1                   000902692011248461-2908                   0000000000000002908700000000002               012908      20021200000000195000000000012N090212120000000000000650000000000000000000000000000000000000000000000200360305024127104 Caixa Econômica Federal             Rua Cajuru,1103/1107                                03057000                                                            000015
1                   000902692011248461-2909                   0000000000000002909500000000002               012909      20021200000000040250000000012N090212120000000000000130000000000000000000000000000000000000000000000210377191000169ACM ASSESSORIA CONTABIL LTDA            Avenida Capitão Mário Toledo de Camargo,            09170150                                                            000016
1                   000902692011248461-2910                   0000000000000002910900000000002               012910      20021200000000103500000000012N090212120000000000000350000000000000000000000000000000000000000000000210377191000169ACM ASSESSORIA CONTABIL LTDA            Avenida Capitão Mário Toledo de Camargo,            09170150                                                            000017
1                   000902692011248461-2911                   0000000000000002911700000000002               012911      20021200000000246000000000012N090212120000000000000820000000000000000000000000000000000000000000000201701201000189HSBC Bank Brasil S.A. - Banco Multiplo -Rua Doutor Seidel,,425                              05315000                                                            000018
1                   000902692011248461-2912                   0000000000000002912500000000002               012912      20021200000000446610000000012N090212120000000000001490000000000000000000000000000000000000000000000209263012000183LIBRO COMPANHIA SECURITIZADORA DE CREDITAvenida Paulista ,1499-19º. Andar                   01311200                                                            000019
1                   000902692011248461-2913                   0000000000000002913300000000002               012913      20021200000000277000000000012N090212120000000000000920000000000000000000000000000000000000000000000200360305267887104 Caixa Econômica Federal             Rua São Joaquim,,69-5º andar                        01508000                                                            000020
1                   000902692011248461-2914                   0000000000000002914100000000002               012914      20021200000000190000000000012N090212120000000000000630000000000000000000000000000000000000000000000200360305267887104 Caixa Econômica Federal             Rua São Joaquim, ,69-5º andar                       01508000                                                            000021
1                   000902692011248461-2915                   0000000000000002915P00000000002               012915      20021200000000082000000000012N090212120000000000000270000000000000000000000000000000000000000000000200360305267887104 Caixa Econômica Federal             Rua São Joaquim, 69 - 5º andar,69-5º And            01508000                                                            000022
1                   000902692011248461-2916                   0000000000000002916800000000002               012916      20021200000000768300000000012N090212120000000000002560000000000000000000000000000000000000000000000200360305135115104 Caixa Econômica Federal             Avenida Cruzeiro do Sul ,1000                       06226006                                                            000023
1                   000902692011248461-2917                   0000000000000002917600000000002               012917      20021200000000093000000000012N090212120000000000000000000000000000000000000000000000000000000000000100032279475871Flavio Roberto Aguiar                   Estrada Iguatemi,12                                 08490500                                                            000024
1                   000902692011248461-2918                   0000000000000002918400000000002               012918      20021200000000195000000000012N090212120000000000000650000000000000000000000000000000000000000000000200360305286245104 Caixa Econômica Federal             Avenida Engenheiro Luiz Carlos Berrini,5            04571000                                                            000025
1                   000902692011248461-2919                   0000000000000002919200000000002               012919      20021200000000390000000000012N090212120000000000001300000000000000000000000000000000000000000000000200360305100400104 Caixa Econômica Federal             Rua São Bento,397-1º Andar                          01011100                                                            000026
1                   000902692011248461-2920                   0000000000000002920600000000002               012920      27021200000000640000000000012N100212120000000000002130000000000000000000000000000000000000000000000262232889000190Banco Daycoval S/A                      Avenida Paulista ,1793-02º Andar                    01311200                                                            000027
1                   000902692011248461-2921                   0000000000000002921400000000002               012921      27021200000000195000000000012N100212120000000000000650000000000000000000000000000000000000000000000200360305411597104 Caixa Econômica Federal             Avenida Goiás,,1.780                                09550050                                                            000028
1                   000902692011248461-2922                   0000000000000002922200000000002               012922      27021200000001886810000000012N100212120000000000006290000000000000000000000000000000000000000000000212064871000158PARETO CONFECÇÕES DE ROUPAS LTDA EPP    Rua Inácio de Araújo,231/235                        03053010                                                            000029
1                   000902692011248461-2923                   0000000000000002923000000000002               012923      27021200000000165310000000012N100212120000000000000550000000000000000000000000000000000000000000000253283180000122Tesheiner Cavassani e Giacomazi AdvogadoRua João Adolfo,118-Conj. 405                       01050020                                                            000030
1                   000902692011248461-2924                   0000000000000002924900000000002               012924      27021200000000480000000000012N100212120000000000001600000000000000000000000000000000000000000000000262232889000190Banco Daycoval S/A                      Avenida Paulista ,1793-02º Andar                    01311200                                                            000031
1                   000902692011248461-2925                   0000000000000002925700000000002               012925      27021200000000110000000000012N100212120000000000000370000000000000000000000000000000000000000000000201190978000126ITALIA COMERCIAL TEXTIL LTDA ME         Rua Almirante Barroso ,308                          03025000                                                            000032
1                   000902692011248461-2926                   0000000000000002926500000000002               012926      27021200000000100000000000012N100212120000000000000330000000000000000000000000000000000000000000000200360305159804104 Caixa Econômica Federal             Avenida de Pinedo ,228                              04764000                                                            000033
1                   000902692011248461-2927                   0000000000000002927300000000002               012927      27021200000000630000000000012N100212120000000000002100000000000000000000000000000000000000000000000200360305196920104 Caixa Econômica Federal             Alameda Araguaia,,370/380                           06454400                                                            000034
1                   000902692011248461-2928                   0000000000000002928100000000002               012928      27021200000001062380000000012N100212120000000000003540000000000000000000000000000000000000000000000201701201000189HSBC Bank Brasil S.A. - Banco Multiplo -Rua Doutor Seidel,425                               05315000                                                            000035
1                   000902692011248461-2929                   0000000000000002929P00000000002               012929      27021200000000077000000000012N100212120000000000000260000000000000000000000000000000000000000000000270940994000101PANDURATA ALIMENTOS LTDA.               Rua Fritz Reimann,628-3º andar                      07044020                                                            000036
1                   000902692011248461-2930                   0000000000000002930300000000002               012930      22021200000000201000000000012N100212120000000000000670000000000000000000000000000000000000000000000100041150383810FABIO DE SOUZA DO NASCIMENTO            Rua Nhamunda,13                                     06365180                                                            000037
1                   000902692011248461-2931                   0000000000000002931100000000002               012931      27021200000000600000000000012N130212120000000000002000000000000000000000000000000000000000000000000209263012000183Fundo de Investimento em Direitos CreditAvenida Paulista,1499-19º andar                     01311200                                                            000038
1                   000902692011248461-2932                   0000000000000002932P00000000002               012932      27021200000000110000000000012N130212120000000000000370000000000000000000000000000000000000000000000209263012000183Fundo de Investimento em Direitos CreditAvenida Paulista ,1499-19º. Andar                   01311200                                                            000039
1                   000902692011248461-2933                   0000000000000002933800000000002               012933      27021200000000411320000000012N1302121200000000000013700000000000000000000000000000000000000000000002000000006776801 Banco do Brasil S.A.                  Avenida Pedroso de Morais,670                       05420001                                                            000040
1                   000902692011248461-2934                   0000000000000002934600000000002               012934      27021200000000076000000000012N130212120000000000000250000000000000000000000000000000000000000000000203723171000137E Cunha Consultoria Empresarial Ltda.   Rua Nova York ,959                                  04560002                                                            000041
1                   000902692011248461-2935                   0000000000000002935400000000002               012935      27021200000000560000000000012N130212120000000000001870000000000000000000000000000000000000000000000262232889000190Banco Daycoval S/A                      Avenida Paulista ,1793-02º Andar                    01311200                                                            000042
1                   000902692011248461-2936                   0000000000000002936200000000002               012936      27021200000000395790000000012N130212120000000000001320000000000000000000000000000000000000000000000253283180000122Tesheiner Cavassani e Giacomazi AdvogadoRua João Adolfo,118-Conj. 405                       01050020                                                            000043
1                   000902692011248461-2937                   0000000000000002937000000000002               012937      27021200000000409960000000012N130212120000000000001370000000000000000000000000000000000000000000000253283180000122Tesheiner Cavassani e Giacomazi AdvogadoRua João Adolfo,118-Conj. 405                       01050020                                                            000044
1                   000902692011248461-2938                   0000000000000002938900000000002               012938      27021200000000207000000000012N130212120000000000000690000000000000000000000000000000000000000000000210377191000169ACM ASSESSORIA CONTABIL LTDA            Avenida Capitão Mário Toledo de Camargo,            09170150                                                            000045
1                   000902692011248461-2939                   0000000000000002939700000000002               012939      24021200000022000000000000012N130212000000000000000000000000000000000000000000000000000000000000000100000584749198ARIEL LOPES DA SILVA                    RUA JUPITER, 140                                    78320000                                                            000046
1                   000902692011248461-2706                   0000000000000002706800000000002               022706      30011200000000600000000000012N200112120000000000010000000000000000000000000000000000000000000000000233479023000180CITIBANK RISK MANAGEMENT                Avenida Paulista, , 2º andar,1.111                  01311920                                                            000047
1                   000902692011248461-2713                   0000000000000002713000000000002               022713      06021200000000400000000000012N200112120000000000010000000000000000000000000000000000000000000000000209263012000183Fundo de Investimento em Direitos CreditAvenida Paulista ,1499-19º andar                    01311200                                                            000048
1                   000902692011248461-2682                   0000000000000002682700000000002               022682      06021200000000200000000000012N190112120000000000010000000000000000000000000000000000000000000000000209263012000183Fundo de Investimento em Direitos CreditAvenida Paulista ,1499-19º. Andar                   01311200                                                            000049
1                   000902692011248461-2694                   0000000000000002694000000000002               022694      06021200000000200000000000012N190112120000000000010000000000000000000000000000000000000000000000000209263012000183Fundo de Investimento em Direitos CreditAvenida Paulista ,1499-19º. Andar                   01311200                                                            000050
1                   000902692011248461-2747                   0000000000000002747500000000002               062747      17021200000000522400000000012N310112120000000000010000000000000000000000000000000000000000000000000209624793000194BIANCHINI SOCIEDADE DE ADVOGADOS        Avenida Pedroso de Morais,2315                      05419001                                                            000051
1                   000902692011248461-2881                   0000000000000002881100000000002               022881      18021200000000126000000000012N080212120000000000010000000000000000000000000000000000000000000000000100020841817472Hamilton Ferreira Da Silva              Rua Fiori Polachine,273                             	0705526                                                            000052
1                   000902692011248461-2268                   0000000000000002268600000000002               022268      19121100000000200000000000012N281111120000000000010000000000000000000000000000000000000000000000000201701201000189HSBC Bank Brasil S.A. - Banco Multiplo -Rua Doutor Seidel,,425                              05315000                                                            000053
1                   000902692011248461-2419                   0000000000000002419000000000002               022419      19121100000000046000000000012N071211120000000000010000000000000000000000000000000000000000000000000201701201000189HSBC Bank Brasil S.A. - Banco Multiplo -Rua Doutor Seidel,,425                              05315000                                                            000054
1                   000902692011248461-2637                   0000000000000002637100000000002               022637      23011200000000207000000000012N110112120000000000010000000000000000000000000000000000000000000000000201701201000189HSBC BANK BRASIL S/A. (CSU - PROCESSOS JRua Desembargador Estanislau Cardoso,870            81810380                                                            000055
9                                                                                                                                                                                                                                                                                                                                                                                                         000056