01REMESSA01COBRANCA       00000000000004130991SISTEMA DE CARTóRIO CERTIDõES 237BRADESCO       140411        MX0000347                                                                                                                                                                                                                                                                                     000001
1                   000902692011248461-477                    0000000000000000477700000000002               01477       23041100000000120000000000012N130411000000000000000400000000000000000000000000000000000000000000000203586507000167J. A. Rezende advogados associados      Rua: Libero Badaró, ,471-17° ANDAR                  01009903                                                            000002
1                   000902692011248461-478                    0000000000000000478500000000002               01478       23041100000000160000000000012N130411000000000000000530000000000000000000000000000000000000000000000260746948050721237 Banco Bradesco S.A.                 Rua Antônio de Barros,356                           03401001                                                            000003
1                   000902692011248461-479                    0000000000000000479300000000002               01479       23041100000000078200000000012N130411000000000000000260000000000000000000000000000000000000000000000200360305267887104 Caixa Econômica Federal             Rua São Joaquim ,69-5º andar                        01508001                                                            000004
1                   000902692011248461-480                    0000000000000000480700000000002               01480       23041100000000096000000000012N130411000000000000000320000000000000000000000000000000000000000000000100031327178869LINDINALVA TAVARES DA SILVA             Praça Pajonal,48                                    08042520                                                            000005
1                   000902692011248461-481                    0000000000000000481500000000002               01481       23041100000000082000000000012N130411000000000000000270000000000000000000000000000000000000000000000100008958625813BENEDITA LEME DA SILVA                  Rua BRASIL,33                                       06900000                                                            000006
1                   000902692011248461-482                    0000000000000000482300000000002               01482       23041100000000114000000000012N130411000000000000000380000000000000000000000000000000000000000000000100036507849200JOAO ALVES BARBOSA                      Rua Jean Ramos,12                                   06660790                                                            000007
1                   000902692011248461-483                    0000000000000000483100000000002               01483       23041100000000127000000000012N130411000000000000000420000000000000000000000000000000000000000000000203723171000137E Cunha Consultoria Empresarial Ltda.   Rua Nova York ,959-conj. 52                         04560002                                                            000008
1                   000902692011248461-484                    0000000000000000484P00000000002               01484       23041100000000340000000000012N130411000000000000001130000000000000000000000000000000000000000000000200360305025441104 Caixa Econômica Federal             RUA: Joaquim Floriano, 446,446                      04534002                                                            000009
1                   000902692011248461-485                    0000000000000000485800000000002               01485       23041100000000029000000000012N130411000000000000000100000000000000000000000000000000000000000000000210377191000169ACM  Legalizações Empresariais Ltda. - MAvenida Capitão Mário Toledo de Camargo,            09170150                                                            000010
1                   000902692011248461-486                    0000000000000000486600000000002               01486       24041100000000059000000000012N140411000000000000000200000000000000000000000000000000000000000000000210377191000169ACM  Legalizações Empresariais Ltda. - MAvenida Capitão Mário Toledo de Camargo,            09170150                                                            000011
1                   000902692011248461-487                    0000000000000000487400000000002               01487       24041100000000029000000000012N140411000000000000000100000000000000000000000000000000000000000000000210377191000169ACM  Legalizações Empresariais Ltda. - MAvenida Capitão Mário Toledo de Camargo,            09170150                                                            000012
1                   000902692011248461-488                    0000000000000000488200000000002               01488       24041100000000200700000000012N140411000000000000000670000000000000000000000000000000000000000000000208603317000124ACE RASTREDORES LTDA ME                 Rua Vera Paranaguá de Souza Dantas,91               05565220                                                            000013
1                   000902692011248461-489                    0000000000000000489000000000002               01489       24041100000000401890000000012N140411000000000000001340000000000000000000000000000000000000000000000243830777000196TEXTI ROSATEXINDUSTRIA ECOMERCIOLTDA.EPPRua Barão de Ladário,861                            03010000                                                            000014
1                   000902692011248461-490                    0000000000000000490400000000002               01490       24041100000000079300000000012N140411000000000000000260000000000000000000000000000000000000000000000200360305267887104 Caixa Econômica Federal             Rua São Joaquim ,69-5º andar                        01508001                                                            000015
1                   000902692011248461-491                    0000000000000000491200000000002               01491       24041100000000078200000000012N140411000000000000000260000000000000000000000000000000000000000000000200360305024550104 Caixa Econômica Federal             Avenida Doutor Gastão Vidigal,1437,1437             05314000                                                            000016
1                   000902692011248461-421                    0000000000000000421100000000002               02421       15041100000000094000000000012N050411060500000000000000000000000000000000000000000000000000000000000100012755177810Antonio Pereira                         Rua Armando Petrella ,07                            05679010                                                            000017
1                   000902692011248461-415                    0000000000000000415700000000002               02415       08041100000040000000000000012N050411060500000000000000000000000000000000000000000000000000000000000100003103794827Rita Maria Gaona                        Av. Professor João Fiusa, 2161 - apto 44            14024250                                                            000018
1                   000902692011248461-416                    0000000000000000416500000000002               02416       05061100000006666670000000012N050411060500000000000000000000000000000000000000000000000000000000000100003103794827Rita Maria Gaona                        Av. Professor João Fiusa, 2161 - apto 44            14024250                                                            000019
1                   000902692011248461-417                    0000000000000000417300000000002               02417       05071100000006666670000000012N050411060500000000000000000000000000000000000000000000000000000000000100003103794827Rita Maria Gaona                        Av. Professor João Fiusa, 2161 - apto 44            14024250                                                            000020
1                   000902692011248461-418                    0000000000000000418100000000002               02418       05081100000006666670000000012N050411060500000000000000000000000000000000000000000000000000000000000100003103794827Rita Maria Gaona                        Av. Professor João Fiusa, 2161 - apto 44            14024250                                                            000021
1                   000902692011248461-419                    0000000000000000419P00000000002               02419       05091100000006666670000000012N050411060500000000000000000000000000000000000000000000000000000000000100003103794827Rita Maria Gaona                        Av. Professor João Fiusa, 2161 - apto 44            14024250                                                            000022
1                   000902692011248461-420                    0000000000000000420300000000002               02420       05101100000006666660000000012N050411060500000000000000000000000000000000000000000000000000000000000100003103794827Rita Maria Gaona                        Av. Professor João Fiusa, 2161 - apto 44            14024250                                                            000023
1                   000902692011248461-422                    0000000000000000422P00000000002               02422       05111100000006666660000000012N050411060500000000000000000000000000000000000000000000000000000000000100003103794827Rita Maria Gaona                        Av. Professor João Fiusa, 2161 - apto 44            14024250                                                            000024
1                   000902692011248461-399                    0000000000000000399100000000002               06399       15041100000000217060000000012N040411000000000000010000000000000000000000000000000000000000000000000111495482000114CATARINENSE ASSESSORIA CARTORÁRIA LTDA  Rua Antônio Scherer,465-Loja 3                      88102090Protesto após 5 dias                                        000025
9                                                                                                                                                                                                                                                                                                                                                                                                         000026