01REMESSA01COBRANCA       00000000000004130991SISTEMA DE CARTÛRIO CERTIDıES 237BRADESCO       140611        MX0000385                                                                                                                                                                                                                                                                                     000001
1                   000902692011248461-911                    0000000000000000911600000000002               01911       28021200000005000000000000012N130611120000000000000000000000000000000000000000000000000000000000000100082181730563PAULO CESAR ARAUJO SANTOS               RUA ANA MARIA BITTENCOURT, 420                      40391286                                                            000002
1                   000902692011248461-912                    0000000000000000912400000000002               01912       24061100000000144000000000012N130611000000000000000480000000000000000000000000000000000000000000000100002903601887ALCIDES MARTINS PIMENTA                 Rua Lauro Luchesi,25                                02348090                                                            000003
1                   000902692011248461-913                    0000000000000000913200000000002               01913       24061100000000142000000000012N130611000000000000000470000000000000000000000000000000000000000000000100015232901885MARIA DA GL”RIA MACHADO SILVA           Rua Sete,146                                        11347480                                                            000004
1                   000902692011248461-914                    0000000000000000914000000000002               01914       24061100000000198000000000012N130611000000000000000660000000000000000000000000000000000000000000000208351432000159LIBRO COMPANHIA SECURITIZADORA DE CREDITAvenida Paulista,1499 ñ 19∫. Andar ,1499            01311200                                                            000005
1                   000902692011248461-909                    0000000000000000909400000000002               06909       00000000000005000000000000012N130611120000000000000000000000000000000000000000000000000000000000000100082181730563PAULO CESAR ARAUJO SANTOS               RUA ANA MARIA BITTENCOURT, 420                      40391286                                                            000006
1                   000902692011248461-909                    0000000000000000909400000000002               02909       00000000000005000000000000012N130611120000000000000000000000000000000000000000000000000000000000000100082181730563PAULO CESAR ARAUJO SANTOS               RUA ANA MARIA BITTENCOURT, 420                      40391286                                                            000007
9                                                                                                                                                                                                                                                                                                                                                                                                         000008