01REMESSA01COBRANCA       00000000000004130991SISTEMA DE CARTóRIO CERTIDõES 237BRADESCO       141211        MX0000481                                                                                                                                                                                                                                                                                     000001
1                   000902692011248461-2443                   0000000000000002443300000000002               012443      23121100000000300000000000012N131211120000000000001000000000000000000000000000000000000000000000000200360305025441104 Caixa Econômica Federal             RUA: Joaquim Floriano, ,446                         04534002                                                            000002
1                   000902692011248461-2444                   0000000000000002444100000000002               012444      23121100000000060000000000012N131211120000000000000200000000000000000000000000000000000000000000000100017683448842LUIS MARTINS NETTO                      Rua Barão de Ladário,670-Sl. 404                    03010000                                                            000003
1                   000902692011248461-2445                   0000000000000002445P00000000002               012445      30121100000001244000000000012N131211120000000000004150000000000000000000000000000000000000000000000233479023000180BANCO CITIBANK S.A                      Avenida Paulista, nº 1.111, 2º andar,1.1            01311920                                                            000004
1                   000902692011248461-2446                   0000000000000002446800000000002               012446      30121100000001866000000000012N131211120000000000006220000000000000000000000000000000000000000000000233479023000180BANCO CITIBANK S.A                      Avenida Paulista, nº 1.111, 2º andar,1.1            01311920                                                            000005
1                   000902692011248461-2447                   0000000000000002447600000000002               012447      20121100000040000000000000012N131211000000000000000000000000000000000000000000000000000000000000000100027402860582MARCIO LARA MEDRADO                     RUA BELA VISTA DO GOIAS, 18 CASA 01                 44082080                                                            000006
1                   000902692011248461-2448                   0000000000000002448400000000002               012448      20021200000020000000000000012N131211000000000000000000000000000000000000000000000000000000000000000100027402860582MARCIO LARA MEDRADO                     RUA BELA VISTA DO GOIAS, 18 CASA 01                 44082080                                                            000007
1                   000902692011248461-2449                   0000000000000002449200000000002               012449      20031200000020000000000000012N131211000000000000000000000000000000000000000000000000000000000000000100027402860582MARCIO LARA MEDRADO                     RUA BELA VISTA DO GOIAS, 18 CASA 01                 44082080                                                            000008
1                   000902692011248461-2450                   0000000000000002450600000000002               012450      26121100000000100000000000012N141211120000000000000330000000000000000000000000000000000000000000000200360305025441104 Caixa Econômica Federal             RUA: Joaquim Floriano, ,446                         04534002                                                            000009
1                   000902692011248461-2451                   0000000000000002451400000000002               012451      26121100000001061660000000012N141211120000000000003540000000000000000000000000000000000000000000000205341148000103FUSÃO SOLUÇÕES PARA MEDICINA LTDA       Rua Funchal,538-CJ 115                              04551060                                                            000010
1                   000902692011248461-2452                   0000000000000002452200000000002               012452      26121100000000248010000000012N141211120000000000000830000000000000000000000000000000000000000000000253283180000122Tesheiner Cavassani e Giacomazi AdvogadoRua João Adolfo,118-Conj. 405                       01050020                                                            000011
1                   000902692011248461-2453                   0000000000000002453000000000002               012453      26121100000000100000000000012N141211120000000000000330000000000000000000000000000000000000000000000211337069000121DI GREGORIO E RABELO ADVOGADOS          Rua José Bonifácio - lado par,255-Sala 1            01003000                                                            000012
1                   000902692011248461-2323                   0000000000000002323200000000002               062323      20121100000000046000000000012N021211120000000000010000000000000000000000000000000000000000000000000201701201000189HSBC Bank Brasil S.A. - Banco Multiplo -Rua Doutor Seidel,,425                              05315000                                                            000013
9                                                                                                                                                                                                                                                                                                                                                                                                         000014