01REMESSA01COBRANCA       00000000000004130991SISTEMA DE CARTóRIO CERTIDõES 237BRADESCO       140312        MX0000512                                                                                                                                                                                                                                                                                     000001
1                   000902692011248461-3170                   0000000000000003170700000000002               013170      22031200000000390000000000012N120312120000000000001300000000000000000000000000000000000000000000000200360305073845104 Caixa Econômica Federal             Rua Campos Sales ,198                               06401000                                                            000002
1                   000902692011248461-3171                   0000000000000003171500000000002               013171      22031200000000720000000000012N120312120000000000002400000000000000000000000000000000000000000000000262232889000190Banco Daycoval S/A                      Avenida Paulista ,1793-02º Andar                    01311200                                                            000003
1                   000902692011248461-3172                   0000000000000003172300000000002               013172      15031200000020000000000000012N120312000000000000000000000000000000000000000000000000000000000000000100054428076720ANGELA COSME MEDEIROS DE BRITO          Rua Presidente Castelo Branco, 120 Casa             28990000                                                            000004
1                   000902692011248461-3173                   0000000000000003173100000000002               013173      19031200000020000000000000012N120312000000000000000000000000000000000000000000000000000000000000000100051959143700CARLOS ALBERTO ROCHA DE MELO            Av. Prefeito José Guimarães, 291 Casa               28940000                                                            000005
1                   000902692011248461-3174                   0000000000000003174P00000000002               013174      14031200000000047340000000012N120312000000000000000000000000000000000000000000000000000000000000000200360305267887104 Caixa Econômica Federal             Rua São Joaquim,69                                  01508000                                                            000006
1                   000902692011248461-3175                   0000000000000003175800000000002               013175      16031200000000144000000000012N120312000000000000000000000000000000000000000000000000000000000000000200360305267887104 Caixa Econômica Federal             Rua São Joaquim,69                                  01508000                                                            000007
1                   000902692011248461-3176                   0000000000000003176600000000002               013176      22031200000000400000000000012N120312120000000000001330000000000000000000000000000000000000000000000209263012000183Fundo de Investimento em Direitos CreditAvenida Paulista ,1499-19º. Andar                   01311200                                                            000008
1                   000902692011248461-3177                   0000000000000003177400000000002               013177      23031200000000266560000000012N1303121200000000000008900000000000000000000000000000000000000000000002000000003900461 Banco do Brasil S.A.                  Rua Sete de Setembro,1041                           90010191                                                            000009
1                   000902692011248461-3178                   0000000000000003178200000000002               013178      23031200000000195000000000012N130312120000000000000650000000000000000000000000000000000000000000000200360305025441104 Caixa Econômica Federal             RUA: Joaquim Floriano, 446,446                      04534002                                                            000010
1                   000902692011248461-3179                   0000000000000003179000000000002               013179      23031200000000035000000000012N130312120000000000000120000000000000000000000000000000000000000000000200360305289937104 Caixa Econômica Federal             Avenida Brigadeiro Luís Antônio,580                 01318000                                                            000011
1                   000902692011248461-3180                   0000000000000003180400000000002               013180      23031200000000195000000000012N130312120000000000000650000000000000000000000000000000000000000000000200360305090693104 Caixa Econômica Federal             Avenida Nossa Senhora de Fátima,500                 06717210                                                            000012
1                   000902692011248461-3181                   0000000000000003181200000000002               013181      23031200000000195000000000012N130312120000000000000650000000000000000000000000000000000000000000000200360305116676104 Caixa Econômica Federal             Avenida Carlos de Campos,,160                       03028000                                                            000013
1                   000902692011248461-3182                   0000000000000003182000000000002               013182      23031200000006728800000000012N130312120000000000022430000000000000000000000000000000000000000000000233479023000180CITIBANK RISK MANAGEMENT                Avenida Paulista, nº 1.111, 2º andar,1.1            01311920                                                            000014
1                   000902692011248461-3183                   0000000000000003183900000000002               013183      23031200000000320000000000012N130312120000000000001070000000000000000000000000000000000000000000000100034394754844Beatriz Pontes                          Avenida das Nações Unidas,12901-21° anda            04578910                                                            000015
1                   000902692011248461-3184                   0000000000000003184700000000002               013184      23031200000000488540000000012N1303121200000000000016300000000000000000000000000000000000000000000002000000006690751 Banco do Brasil S.A.                  Rua João Cachoeira,754                              04535002                                                            000016
1                   000902692011248461-3185                   0000000000000003185500000000002               013185      23031200000000120000000000012N130312120000000000000400000000000000000000000000000000000000000000000253283180000122Tesheiner Cavassani e Giacomazi AdvogadoRua João Adolfo,118-Conj. 405                       01050020                                                            000017
1                   000902692011248461-3186                   0000000000000003186300000000002               013186      23031200000000030000000000012N130312120000000000000100000000000000000000000000000000000000000000000205888414000112CREAÇÕES MX FASHION LIMITADA            Rua Aimorés ,210                                    01122010                                                            000018
1                   000902692011248461-3187                   0000000000000003187100000000002               013187      23031200000000131260000000012N130312120000000000000440000000000000000000000000000000000000000000000259075556000190J.K.COMERCIO DE ARTIGOS DESPORTIVOS LTDAAvenida Senador Teotônio Vilela ,1023               04801010                                                            000019
1                   000902692011248461-3188                   0000000000000003188P00000000002               013188      23031200000000192000000000012N130312120000000000000640000000000000000000000000000000000000000000000262232889000190Banco Daycoval S/A                      Avenida Paulista ,1793-02º Andar                    01311200                                                            000020
1                   000902692011248461-3189                   0000000000000003189800000000002               013189      23031200000000811640000000012N130312120000000000002710000000000000000000000000000000000000000000000200360305100400104 Caixa Econômica Federal             Rua São Bento,397-1º ANDAR                          01011100                                                            000021
1                   000902692011248461-3190                   0000000000000003190100000000002               013190      23031200000000340400000000012N130312120000000000001130000000000000000000000000000000000000000000000200360305123109104 Caixa Econômica Federal             Avenida Rio Branco,1675                             01205001                                                            000022
1                   000902692011248461-3191                   0000000000000003191P00000000002               013191      23031200000000362000000000012N130312120000000000001210000000000000000000000000000000000000000000000242318949000184Cobra Tecnologia S.A                    Estrada dos Bandeirantes 7966,7966                  22783110                                                            000023
1                   000902692011248461-3064                   0000000000000003064600000000002               063064      16031200000000200000000000012N020312120000000000010000000000000000000000000000000000000000000000000201701201000189HSBC Bank Brasil S.A. - Banco Multiplo -Rua Doutor Seidel,425                               05315000                                                            000024
1                   000902692011248461-3044                   0000000000000003044100000000002               023044      12031200000000047340000000012N010312000000000000000000000000000000000000000000000000000000000000000100000360305267104 Caixa Econômica Federal             Rua São Joaquim,69                                  01508000                                                            000025
1                   000902692011248461-2914                   0000000000000002914100000000002               022914      20021200000000190000000000012N090212120000000000010000000000000000000000000000000000000000000000000200360305267887104 Caixa Econômica Federal             Rua São Joaquim, ,69-5º andar                       01508000                                                            000026
1                   000902692011248461-3061                   0000000000000003061100000000002               063061      16031200000000082000000000012N020312120000000000010000000000000000000000000000000000000000000000000200360305267887104 Caixa Econômica Federal             Rua São Joaquim,,69-5º andar                        01508000                                                            000027
1                   000902692011248461-3054                   0000000000000003054900000000002               063054      30031200000000376150000000012N020312120000000000010000000000000000000000000000000000000000000000000209263012000183Fundo de Investimento em Direitos CreditAvenida Paulista ,1499-19º. Andar                   01311200                                                            000028
9                                                                                                                                                                                                                                                                                                                                                                                                         000029