01REMESSA01COBRANCA       00000000000004130991SISTEMA DE CARTóRIO CERTIDõES 237BRADESCO       140911        MX0000438                                                                                                                                                                                                                                                                                     000001
1                   000902692011248461-1657                   0000000000000001657000000000002               011657      23091100000000709200000000012N130911120000000000002360000000000000000000000000000000000000000000000200360305413964104 Caixa Econômica Federal             Avenida das Nações Unidas ,22540                    04795000                                                            000002
1                   000902692011248461-1658                   0000000000000001658900000000002               011658      23091100000000240000000000012N130911120000000000000800000000000000000000000000000000000000000000000200360305267887104 Caixa Econômica Federal             Rua São Joaquim,,69-5º andar                        01508000                                                            000003
1                   000902692011248461-1659                   0000000000000001659700000000002               011659      28091100000001061830000000012N130911120000000000003540000000000000000000000000000000000000000000000270940994000101PANDURATA ALIMENTOS LTDA.               Rua Fritz Reimann,628-3º andar                      07044020                                                            000004
1                   000902692011248461-1660                   0000000000000001660000000000002               011660      03101100000000115000000000012N130911120000000000000380000000000000000000000000000000000000000000000209263012000183Fundo de Investimento em Direitos CreditAvenida Paulista ,1499-19º. Andar                   01311200                                                            000005
1                   000902692011248461-1661                   0000000000000001661900000000002               011661      23091100000000263920000000012N130911120000000000000880000000000000000000000000000000000000000000000100017683448842LUIS MARTINS NETTO                      Rua Barão de Ladário,670-SL. 404                    03010000                                                            000006
1                   000902692011248461-1662                   0000000000000001662700000000002               011662      23091100000000232000000000012N130911120000000000000770000000000000000000000000000000000000000000000200360305403900104 Caixa Econômica Federal             Estrada Kizaemon Takeuti ,2687                      06775003                                                            000007
1                   000902692011248461-1663                   0000000000000001663500000000002               011663      23091100000000080500000000012N130911120000000000000270000000000000000000000000000000000000000000000210377191000169ACM  Legalizações Empresariais Ltda. - MAvenida Capitão Mário Toledo de Camargo,            09170150                                                            000008
1                   000902692011248461-1664                   0000000000000001664300000000002               011664      23091100000000489210000000012N130911120000000000001630000000000000000000000000000000000000000000000253283180000122Tesheiner Cavassani e Giacomazi AdvogadoRua João Adolfo,118-Conj. 405                       01050020                                                            000009
1                   000902692011248461-1665                   0000000000000001665100000000002               011665      23091100000000138500000000012N130911120000000000000460000000000000000000000000000000000000000000000253283180000122Tesheiner Cavassani e Giacomazi AdvogadoRua João Adolfo,118-Conj. 405                       01050020                                                            000010
1                   000902692011248461-1666                   0000000000000001666P00000000002               011666      23091100000000275190000000012N130911120000000000000920000000000000000000000000000000000000000000000253283180000122Tesheiner Cavassani e Giacomazi AdvogadoRua João Adolfo,118-Conj. 405                       01050020                                                            000011
1                   000902692011248461-1667                   0000000000000001667800000000002               011667      23091100000000325240000000012N130911120000000000001080000000000000000000000000000000000000000000000100017683448842LUIS MARTINS NETTO                      Rua Barão de Ladário,670-SL. 404                    03010000                                                            000012
1                   000902692011248461-1668                   0000000000000001668600000000002               011668      23091100000000400000000000012N130911120000000000001330000000000000000000000000000000000000000000000217184037010506389 Banco Mercantil do Brasil S.A.      Avenida Paulista ,923                               01311100                                                            000013
1                   000902692011248461-1669                   0000000000000001669400000000002               011669      23091100000000100000000000012N130911120000000000000330000000000000000000000000000000000000000000000253283180000122Tesheiner Cavassani e Giacomazi AdvogadoRua João Adolfo,118-Conj. 405                       01050020                                                            000014
1                   000902692011248461-1670                   0000000000000001670800000000002               011670      23091100000000257700000000012N130911120000000000000860000000000000000000000000000000000000000000000253283180000122Tesheiner Cavassani e Giacomazi AdvogadoRua João Adolfo,118-Conj. 405                       01050020                                                            000015
1                   000902692011248461-1671                   0000000000000001671600000000002               011671      28091100000000758450000000012N130911120000000000002530000000000000000000000000000000000000000000000270940994000101PANDURATA ALIMENTOS LTDA.               Rua Fritz Reimann,628-3º andar                      07044020                                                            000016
1                   000902692011248461-1672                   0000000000000001672400000000002               011672      23091100000000200000000000012N130911120000000000000670000000000000000000000000000000000000000000000200360305025441104 Caixa Econômica Federal             Rua Joaquim Floriano ,446                           04534002                                                            000017
1                   000902692011248461-1673                   0000000000000001673200000000002               011673      23091100000000170000000000012N130911120000000000000570000000000000000000000000000000000000000000000209624793000194BIANCHINI SOCIEDADE DE ADVOGADOS        Avenida Pedroso de Morais,2315                      05419001                                                            000018
1                   000902692011248461-1674                   0000000000000001674000000000002               011674      23091100000000140000000000012N130911120000000000000470000000000000000000000000000000000000000000000209263012000183Fundo de Investimento em Direitos CreditAvenida Paulista,1499-19º. Andar                    01311200                                                            000019
1                   000902692011248461-1675                   0000000000000001675900000000002               011675      23091100000000356000000000012N130911120000000000001190000000000000000000000000000000000000000000000200360305267887104 Caixa Econômica Federal             Rua São Joaquim,,69-5º andar                        01508000                                                            000020
9                                                                                                                                                                                                                                                                                                                                                                                                         000021