01REMESSA01COBRANCA       00000000000004130991SISTEMA DE CARTóRIO CERTIDõES 237BRADESCO       140711        MX0000403                                                                                                                                                                                                                                                                                     000001
1                   000902692011248461-1130                   0000000000000001130700000000002               011130      25071100000000320000000000012N130711120000000000001070000000000000000000000000000000000000000000000217184037010506389 Banco Mercantil do Brasil S.A.      Avenida Paulista ,923                               01311100                                                            000002
1                   000902692011248461-1131                   0000000000000001131500000000002               011131      25071100000000060000000000012N130711120000000000000200000000000000000000000000000000000000000000000208679884000164FARES HALABIYAH JUNIOR - ME             Rua Itinguçu,2413                                   03658001                                                            000003
1                   000902692011248461-1132                   0000000000000001132300000000002               011132      25071100000000100000000000012N130711120000000000000330000000000000000000000000000000000000000000000209313766000109CARUANA S/A SOCIEDADE DE CREDITO FINANC Rua João Adolfo,118-Conj. 405                       01050020                                                            000004
1                   000902692011248461-1133                   0000000000000001133100000000002               011133      25071100000000100000000000012N130711120000000000000330000000000000000000000000000000000000000000000200360305407131104 Caixa Econômica Federal             Estrada de Itapecerica,3429                         05835000                                                            000005
1                   000902692011248461-1134                   0000000000000001134P00000000002               011134      25071100000000709200000000012N130711120000000000002360000000000000000000000000000000000000000000000200360305288884104 Caixa Econômica Federal             Avenida Nova Cantareira,2581                        02341000                                                            000006
1                   000902692011248461-1135                   0000000000000001135800000000002               011135      25071100000000029000000000012N130711120000000000000100000000000000000000000000000000000000000000000202263522000101CIENCIA E NATUREZA COMERCIO DE PRODUTOS Avenida Engenheiro Luiz Carlos Berrini ,            04571010                                                            000007
1                   000902692011248461-950                    0000000000000000950700000000002               02950       04071100000000709200000000012N220611120000000000010000000000000000000000000000000000000000000000000200360305024127104 Caixa Econômica Federal             Rua Cajuru,1103/1107                                03057000                                                            000008
9                                                                                                                                                                                                                                                                                                                                                                                                         000009