01REMESSA01COBRANCA       00000000000004130991SISTEMA DE CARTóRIO CERTIDõES 237BRADESCO       150811        MX0000422                                                                                                                                                                                                                                                                                     000001
1                   000902692011248461-1375                   0000000000000001375P00000000002               011375      22081100000000090000000000012N120811120000000000000300000000000000000000000000000000000000000000000208344024000170GAE CONFECÇÕES DE ROUPAS LTDA EPP       Rua Mendes Júnior,539                               03013010                                                            000002
1                   000902692011248461-1376                   0000000000000001376800000000002               011376      22081100000000110000000000012N120811120000000000000370000000000000000000000000000000000000000000000260419959000198Clube dos Subtenentes e Sargentos do II Avenida Luiz Rink ,187                              06290150                                                            000003
1                   000902692011248461-1377                   0000000000000001377600000000002               011377      22081100000000085600000000012N120811120000000000000290000000000000000000000000000000000000000000000200360305267887104 Caixa Econômica Federal             Rua São Joaquim ,69-5º andar                        01508001                                                            000004
1                   000902692011248461-1378                   0000000000000001378400000000002               011378      22081100000000440000000000012N120811120000000000001470000000000000000000000000000000000000000000000200360305167904104 Caixa Econômica Federal             Avenida Paulista,302,302                            01310000                                                            000005
1                   000902692011248461-1379                   0000000000000001379200000000002               011379      22081100000000029000000000012N120811120000000000000100000000000000000000000000000000000000000000000210377191000169ACM  Legalizações Empresariais Ltda. - MAvenida Capitão Mário Toledo de Camargo,            09170150                                                            000006
1                   000902692011248461-1380                   0000000000000001380600000000002               011380      22081100000000192000000000012N120811120000000000000640000000000000000000000000000000000000000000000210377191000169ACM  Legalizações Empresariais Ltda. - MAvenida Capitão Mário Toledo de Camargo,            09170150                                                            000007
1                   000902692011248461-1381                   0000000000000001381400000000002               011381      22081100000000045000000000012N120811120000000000000150000000000000000000000000000000000000000000000270940994000101PANDURATA ALIMENTOS LTDA.               Rua Fritz Reimann,628                               07044020                                                            000008
1                   000902692011248461-1382                   0000000000000001382200000000002               011382      22081100000000076000000000012N120811120000000000000250000000000000000000000000000000000000000000000253283180000122Tesheiner Cavassani e Giacomazi AdvogadoRua João Adolfo,118-Conj. 405                       01050020                                                            000009
1                   000902692011248461-1383                   0000000000000001383000000000002               011383      22081100000000300000000000012N120811120000000000001000000000000000000000000000000000000000000000000200360305319356104 Caixa Econômica Federal             Av. Vereador José Diniz, ,3600                      04604005                                                            000010
1                   000902692011248461-1384                   0000000000000001384900000000002               011384      22081100000000155000000000012N120811120000000000000520000000000000000000000000000000000000000000000100053543670859MARIA LUCIA MONTEIRO                    Rua Antônio Pina Leitão,15                          03805060                                                            000011
1                   000902692011248461-1385                   0000000000000001385700000000002               011385      22081100000000134000000000012N120811120000000000000450000000000000000000000000000000000000000000000100031562048899FLAVIO DA SILVA PINTO                   R: JERONIMO ASSUNÇÃO,156                            04855030                                                            000012
1                   000902692011248461-1386                   0000000000000001386500000000002               011386      22081100000000090000000000012N120811120000000000000300000000000000000000000000000000000000000000000100019267211870DOLORES FRANÇA BENTO                    Avenida Gianlucas Kawamura Alves Santos,            09361301                                                            000013
1                   000902692011248461-1387                   0000000000000001387300000000002               011387      25081100000002167000000000012N150811120000000000007220000000000000000000000000000000000000000000000217184037019724389 Banco Mercantil do Brasil S.A.      Rua Capitão Gabriel,235                             07011010                                                            000014
1                   000902692011248461-1388                   0000000000000001388100000000002               011388      25081100000000140000000000012N150811120000000000000470000000000000000000000000000000000000000000000262232889000190Banco Daycoval S/A                      Avenida Paulista ,1793-02º Andar                    01311200                                                            000015
1                   000902692011248461-1389                   0000000000000001389P00000000002               011389      25081100000000945600000000012N150811120000000000003150000000000000000000000000000000000000000000000200360305073845104 Caixa Econômica Federal             Rua Campos Sales,,198                               06401000                                                            000016
9                                                                                                                                                                                                                                                                                                                                                                                                         000017