01REMESSA01COBRANCA       00000000000004130991SISTEMA DE CARTóRIO CERTIDõES 237BRADESCO       150611        MX0000386                                                                                                                                                                                                                                                                                     000001
1                   000902692011248461-915                    0000000000000000915900000000002               01915       24061100000000170000000000012N140611000000000000000570000000000000000000000000000000000000000000000233479023000180CITIBANK RISK MANAGEMENT                Avenida Paulista,,1.111-2º andar                    01311920                                                            000002
1                   000902692011248461-916                    0000000000000000916700000000002               01916       24061100000000360000000000012N140611000000000000001200000000000000000000000000000000000000000000000209263012000183LIBRO COMPANHIA SECURITIZADORA DE CREDITAvenida Paulista ,1499-19º. Andar                   01311200                                                            000003
1                   000902692011248461-917                    0000000000000000917500000000002               01917       24061100000000475000000000012N140611000000000000001580000000000000000000000000000000000000000000000209263012000183LIBRO COMPANHIA SECURITIZADORA DE CREDITAvenida Paulista ,1499-19º. Andar                   01311200                                                            000004
1                   000902692011248461-918                    0000000000000000918300000000002               01918       24061100000000142000000000012N140611000000000000000470000000000000000000000000000000000000000000000100032590268866MARCILIO RIBEIRO NETO                   Rua Edson Erasmo da Silva,535                       09370826                                                            000005
1                   000902692011248461-919                    0000000000000000919100000000002               01919       24061100000000142000000000012N140611000000000000000470000000000000000000000000000000000000000000000100000149343884MARIA JOSÉ CESAR                        Estrada Maria Soares Pereira,13605                  06890000                                                            000006
1                   000902692011248461-920                    0000000000000000920500000000002               01920       24061100000000090000000000012N140611000000000000000300000000000000000000000000000000000000000000000100018903048830LOURDES MORAES                          Rua Erva de S. Martinho,90                          08030680                                                            000007
1                   000902692011248461-921                    0000000000000000921300000000002               01921       24061100000000040000000000012N140611000000000000000130000000000000000000000000000000000000000000000200360305157356104 Caixa Econômica Federal             Avenida Industrial,600-1º andar, sala 10            09080500                                                            000008
1                   000902692011248461-922                    0000000000000000922100000000002               01922       24061100000000233300000000012N140611000000000000000780000000000000000000000000000000000000000000000208344024000170GAE CONFECÇÕES DE ROUPAS LTDA EPP       Rua Mendes Júnior,539                               03013010                                                            000009
1                   000902692011248461-923                    0000000000000000923P00000000002               01923       24061100000000558910000000012N140611000000000000001860000000000000000000000000000000000000000000000209527407000146NOVA OLYMPIA PROMOÇÃO DE EVENTOS LTDA   Rua Tagipuru,795                                    01156000                                                            000010
1                   000902692011248461-924                    0000000000000000924800000000002               01924       24061100000000194000000000012N140611000000000000000650000000000000000000000000000000000000000000000262232889000190Banco Daycoval S/A                      Avenida Paulista ,1793-02º Andar                    01311200                                                            000011
1                   000902692011248461-925                    0000000000000000925600000000002               01925       24061100000000030000000000012N140611000000000000000100000000000000000000000000000000000000000000000200360305025441104 Caixa Econômica Federal             RUA: Joaquim Floriano, 446,446                      04534002                                                            000012
1                   000902692011248461-926                    0000000000000000926400000000002               01926       24061100000000116000000000012N140611000000000000000390000000000000000000000000000000000000000000000270030457000809TRIGUEIROFONTES  ADVOGADOS              Rua Haddock Lobo ,846-13 andar  Prédio B            01414000                                                            000013
1                   000902692011248461-927                    0000000000000000927200000000002               01927       26061100000000240000000000012N150611000000000000000800000000000000000000000000000000000000000000000200360305167904104 Caixa Econômica Federal             Avenida Paulista,302                                01310000                                                            000014
1                   000902692011248461-912                    0000000000000000912400000000002               31912       24061100000000120000000000012N130611000000000000010000000000000000000000000000000000000000000000000100002903601887ALCIDES MARTINS PIMENTA                 Rua Lauro Luchesi,25                                02348090                                                            000015
9                                                                                                                                                                                                                                                                                                                                                                                                         000016