01REMESSA01COBRANCA       00000000000004130991SISTEMA DE CARTóRIO CERTIDõES 237BRADESCO       150711        MX0000404                                                                                                                                                                                                                                                                                     000001
1                   000902692011248461-1136                   0000000000000001136600000000002               011136      25071100000000119000000000012N140711120000000000000400000000000000000000000000000000000000000000000273792970000140BREST ENG E CONSTRUCAO LTDA             RUA INDIANA,884                                     04562001                                                            000002
1                   000902692011248461-1137                   0000000000000001137400000000002               011137      25071100000000234600000000012N140711120000000000000780000000000000000000000000000000000000000000000201318126000171DR RAMOS ADVOGADOS ASSOCIADOS.          Rua Voluntários da Pátria,2540                      02402000                                                            000003
1                   000902692011248461-1138                   0000000000000001138200000000002               011138      25071100000000029000000000012N140711120000000000000100000000000000000000000000000000000000000000000210377191000169ACM  Legalizações Empresariais Ltda. - MAvenida Capitão Mário Toledo de Camargo,            09170150                                                            000004
1                   000902692011248461-1139                   0000000000000001139000000000002               011139      25071100000000728640000000012N150711120000000000002430000000000000000000000000000000000000000000000208576917000140Recovery do Brasil Gestão de Ativos LtdaAvenida Paulista ,1499-19º. Andar                   01311200                                                            000005
1                   000902692011248461-1140                   0000000000000001140400000000002               011140      25071100000000669800000000012N150711120000000000002230000000000000000000000000000000000000000000000217184037010506389 Banco Mercantil do Brasil S.A.      Avenida Paulista ,923                               01311100                                                            000006
1                   000902692011248461-938                    0000000000000000938800000000002               31938       26071100000004491600000000012N210611000000000000010000000000000000000000000000000000000000000000000233479023000180BANCO CITIBANK S/A                      Avenida Paulista, nº 1.111, 2º andar,1.1            01311920                                                            000007
1                   000902692011248461-938                    0000000000000000938800000000002               06938       26071100000004491600000000012N210611000000000000010000000000000000000000000000000000000000000000000233479023000180BANCO CITIBANK S/A                      Avenida Paulista, nº 1.111, 2º andar,1.1            01311920                                                            000008
1                   000902692011248461-934                    0000000000000000934500000000002               31934       26071100000003404160000000012N170611000000000000010000000000000000000000000000000000000000000000000233479023000180BANCO CITIBANK S/A                      Avenida Paulista, nº 1.111, 2º andar,1.1            01311920                                                            000009
1                   000902692011248461-934                    0000000000000000934500000000002               06934       27071100000003404160000000012N170611000000000000010000000000000000000000000000000000000000000000000233479023000180BANCO CITIBANK S/A                      Avenida Paulista, nº 1.111, 2º andar,1.1            01311920                                                            000010
1                   000902692011248461-934                    0000000000000000934500000000002               06934       26071100000003404160000000012N170611000000000000010000000000000000000000000000000000000000000000000233479023000180BANCO CITIBANK S/A                      Avenida Paulista, nº 1.111, 2º andar,1.1            01311920                                                            000011
1                   000902692011248461-903                    0000000000000000903500000000002               31903       26071100000001103200000000012N130611000000000000010000000000000000000000000000000000000000000000000233479023000180BANCO CITIBANK S/A                      Avenida Paulista, nº 1.111, 2º andar,1.1            01311920                                                            000012
1                   000902692011248461-903                    0000000000000000903500000000002               06903       26071100000001103200000000012N130611000000000000010000000000000000000000000000000000000000000000000233479023000180BANCO CITIBANK S/A                      Avenida Paulista, nº 1.111, 2º andar,1.1            01311920                                                            000013
1                   000902692011248461-915                    0000000000000000915900000000002               31915       26071100000000170000000000012N140611000000000000010000000000000000000000000000000000000000000000000233479023000180BANCO CITIBANK S/A                      Avenida Paulista,,1.111-2º andar                    01311920                                                            000014
1                   000902692011248461-915                    0000000000000000915900000000002               06915       26071100000000170000000000012N140611000000000000010000000000000000000000000000000000000000000000000233479023000180BANCO CITIBANK S/A                      Avenida Paulista,,1.111-2º andar                    01311920                                                            000015
1                   000902692011248461-974                    0000000000000000974400000000002               31974       26071100000000170000000000012N290611120000000000010000000000000000000000000000000000000000000000000233479023000180BANCO CITIBANK S/A                      Avenida Paulista,,1.111-2º andar                    01311920                                                            000016
1                   000902692011248461-974                    0000000000000000974400000000002               06974       26071100000000170000000000012N290611120000000000010000000000000000000000000000000000000000000000000233479023000180BANCO CITIBANK S/A                      Avenida Paulista,,1.111-2º andar                    01311920                                                            000017
1                   000902692011248461-1073                   0000000000000001073400000000002               311073      26071100000000170000000000012N050711120000000000010000000000000000000000000000000000000000000000000233479023000180BANCO CITIBANK S/A                      Avenida Paulista,,1.111-2º andar                    01311920                                                            000018
1                   000902692011248461-1073                   0000000000000001073400000000002               061073      26071100000000170000000000012N050711120000000000010000000000000000000000000000000000000000000000000233479023000180BANCO CITIBANK S/A                      Avenida Paulista,,1.111-2º andar                    01311920                                                            000019
1                   000902692011248461-1090                   0000000000000001090400000000002               311090      26071100000000420000000000012N060711120000000000010000000000000000000000000000000000000000000000000233479023000180BANCO CITIBANK S/A                      Avenida Paulista, ,1.111-2º andar                   01311920                                                            000020
1                   000902692011248461-1090                   0000000000000001090400000000002               311090      26071100000000420000000000012N060711120000000000010000000000000000000000000000000000000000000000000233479023000180BANCO CITIBANK S/A                      Avenida Paulista, ,1.111-2º andar                   01311920                                                            000021
1                   000902692011248461-1090                   0000000000000001090400000000002               061090      26071100000000420000000000012N060711120000000000010000000000000000000000000000000000000000000000000233479023000180BANCO CITIBANK S/A                      Avenida Paulista, ,1.111-2º andar                   01311920                                                            000022
1                   000902692011248461-960                    0000000000000000960400000000002               31960       26071100000000945600000000012N270611120000000000010000000000000000000000000000000000000000000000000233479023000180BANCO CITIBANK S/A                      Avenida Paulista,,1.111-2º andar                    01311920                                                            000023
1                   000902692011248461-960                    0000000000000000960400000000002               06960       26071100000000945600000000012N270611120000000000010000000000000000000000000000000000000000000000000233479023000180BANCO CITIBANK S/A                      Avenida Paulista,,1.111-2º andar                    01311920                                                            000024
1                   000902692011248461-966                    0000000000000000966300000000002               31966       26071100000000320000000000012N280611120000000000010000000000000000000000000000000000000000000000000233479023000180BANCO CITIBANK S/A                      Avenida Paulista, ,1.111-2º andar                   01311920                                                            000025
1                   000902692011248461-966                    0000000000000000966300000000002               06966       26071100000000320000000000012N280611120000000000010000000000000000000000000000000000000000000000000233479023000180BANCO CITIBANK S/A                      Avenida Paulista, ,1.111-2º andar                   01311920                                                            000026
1                   000902692011248461-925                    0000000000000000925600000000002               02925       24061100000000030000000000012N140611000000000000010000000000000000000000000000000000000000000000000200360305025441104 Caixa Econômica Federal             RUA: Joaquim Floriano, 446,446                      04534002                                                            000027
9                                                                                                                                                                                                                                                                                                                                                                                                         000028