01REMESSA01COBRANCA       00000000000004130991SISTEMA DE CARTóRIO CERTIDõES 237BRADESCO       150311        MX0000331                                                                                                                                                                                                                                                                                     000001
1                   000902692011248461-194                    0000000000000000194800000000002               01194       11031100000015000000000000012N110311000000000000000000000000000000000000000000000000000000000000000100033452651843RAFAELA FALCATO DE OLIVEIRA             RUA FERREIRA PENTEADO, 1338 AP 41                   13010041                                                            000002
1                   000902692011248461-195                    0000000000000000195600000000002               01195       21031100000000078200000000012N110311000000000000010000000000000000000000000000000000000000000000000200360305267887104 Caixa Econômica Federal             Rua São Joaquim ,69-5º andar                        01508001                                                            000003
1                   000902692011248461-196                    0000000000000000196400000000002               01196       21031100000000085600000000012N110311000000000000010000000000000000000000000000000000000000000000000253283180000122Tesheiner Cavassani e Giacomazi AdvogadoRua João Adolfo,118-Conj. 405                       01050020                                                            000004
1                   000902692011248461-197                    0000000000000000197200000000002               01197       21031100000000155000000000012N110311000000000000010000000000000000000000000000000000000000000000000269131159000141CLEONICE BATISTA SANTOS                 Rua José Ferrari,270                                09340600                                                            000005
1                   000902692011248461-198                    0000000000000000198000000000002               01198       21031100000001191850000000012N110311000000000000010000000000000000000000000000000000000000000000000203723171000137E Cunha Consultoria Empresarial Ltda.   Rua Nova York ,959-conj. 52                         04560002                                                            000006
1                   000902692011248461-199                    0000000000000000199900000000002               01199       21031100000000136220000000012N110311000000000000010000000000000000000000000000000000000000000000000209278768000104Sartori, Gonzalez e Sampaio Sociedade deAv Paulista,  ,777-cj 101, Bela Vista               01311914                                                            000007
1                   000902692011248461-200                    0000000000000000200600000000002               01200       31031100000000072750000000012N110311060500000000000000000000000000000000000000000000000000000000000206058057000128CTPOST SERVICOS LDTA ME                 RUA DR FLORES, 263/503 PORTO ALEGRE RS              90020122                                                            000008
1                   000902692011248461-201                    0000000000000000201400000000002               01201       29041100000000072750000000012N110311060500000000000000000000000000000000000000000000000000000000000206058057000128CTPOST SERVICOS LTDA ME                 RUA DR FLORES, 263/503                              90020122                                                            000009
1                   000902692011248461-202                    0000000000000000202200000000002               01202       24031100000000078200000000012N140311000000000000010000000000000000000000000000000000000000000000000208351432000159LIBRO COMPANHIA SECURITIZADORA DE CREDITAvenida Paulista,1499 – 19º. Andar ,1499            01311200                                                            000010
1                   000902692011248461-203                    0000000000000000203000000000002               01203       24031100000000000010000000012N140311000000000000010000000000000000000000000000000000000000000000000233479023000180CITIBANK RISK MANAGEMENT                Avenida Paulista, nº 1.111, 2º andar,1.1            01311920                                                            000011
1                   000902692011248461-204                    0000000000000000204900000000002               01204       24031100000001264740000000012N140311000000000000010000000000000000000000000000000000000000000000000203723171000137E Cunha Consultoria Empresarial Ltda.   Rua Nova York ,959-conj. 52                         04560002                                                            000012
1                   000902692011248461-205                    0000000000000000205700000000002               01205       24031100000000280060000000012N140311000000000000010000000000000000000000000000000000000000000000000260746948029870237 Banco Bradesco S.A.                 Avenida Conselheiro Carrão ,3062                    03402003                                                            000013
1                   000902692011248461-206                    0000000000000000206500000000002               01206       25031100000000171200000000012N150311000000000000010000000000000000000000000000000000000000000000000203723171000137E Cunha Consultoria Empresarial Ltda.   Rua Nova York ,959-conj. 52                         04560002                                                            000014
1                   000902692011248461-207                    0000000000000000207300000000002               01207       25031100000001114820000000012N150311000000000000010000000000000000000000000000000000000000000000000200360305196920104 Caixa Econômica Federal             Alameda Araguaia, 370/380,370/380                   06454400                                                            000015
1                   000902692011248461-208                    0000000000000000208100000000002               01208       25031100000000130000000000012N150311000000000000010000000000000000000000000000000000000000000000000208351432000159LIBRO COMPANHIA SECURITIZADORA DE CREDITAvenida Paulista,1499 – 19º. Andar ,1499            01311200                                                            000016
1                   000902692011248461-209                    0000000000000000209P00000000002               01209       25031100000000132000000000012N150311000000000000010000000000000000000000000000000000000000000000000100019445689801VALDENIR DOMENEGHETI                    Rua José Pinto,76                                   09311050                                                            000017
1                   000902692011248461-210                    0000000000000000210300000000002               01210       25031100000000078200000000012N150311000000000000010000000000000000000000000000000000000000000000000203723171000137E Cunha Consultoria Empresarial Ltda.   Rua Nova York ,959-conj. 52                         04560002                                                            000018
1                   000902692011248461-211                    0000000000000000211100000000002               01211       25031100000000085600000000012N150311000000000000010000000000000000000000000000000000000000000000000200360305267887104 Caixa Econômica Federal             Rua São Joaquim ,69-5º andar                        01508001                                                            000019
1                   000902692011248461-212                    0000000000000000212P00000000002               01212       25031100000016000000000000012N150311000000000000000000000000000000000000000000000000000000000000000100012682888534Maria da Conceição Barreto Alves Souza  Av: Beira Mar                                       49025040                                                            000020
1                   000902692011248461-213                    0000000000000000213800000000002               01213       15041100000064000000000000012N150311000000000000000000000000000000000000000000000000000000000000000100012682888534Maria da Conceição Barreto Alves Souza  Av: Beira Mar                                       49025040                                                            000021
1                   000902692011248461-214                    0000000000000000214600000000002               01214       01061100000010000000000000012N150311000000000000000000000000000000000000000000000000000000000000000100012682888534Maria da Conceição Barreto Alves Souza  Av: Beira Mar                                       49025040                                                            000022
1                   000902692011248461-215                    0000000000000000215400000000002               01215       01071100000010000000000000012N150311000000000000000000000000000000000000000000000000000000000000000100012682888534Maria da Conceição Barreto Alves Souza  Av: Beira Mar                                       49025040                                                            000023
9                                                                                                                                                                                                                                                                                                                                                                                                         000024