01REMESSA01COBRANCA       00000000000004130991SISTEMA DE CARTóRIO CERTIDõES 237BRADESCO       150411        MX0000348                                                                                                                                                                                                                                                                                     000001
1                   000902692011248461-492                    0000000000000000492000000000002               01492       25041100000018000000000000012N140411060500000000000000000000000000000000000000000000000000000000000100003696045802Nelson Caros Leme                       Rua dos Mandis, 234                                 12324278                                                            000002
1                   000902692011248461-493                    0000000000000000493900000000002               01493       24041100000000500000000000012N140411000000000000001670000000000000000000000000000000000000000000000253283180000122Caruana S/A Sociedade de Crédito Financ Av Das Nações Unidas nº 11541 11º Andar             04578000                                                            000003
1                   000902692011248461-494                    0000000000000000494700000000002               01494       24041100000000178000000000012N140411000000000000000590000000000000000000000000000000000000000000000200360305267887104 Caixa Econômica Federal             Rua São Joaquim ,69-5º andar                        01508001                                                            000004
1                   000902692011248461-495                    0000000000000000495500000000002               01495       20041100000016000000000000012N140411060500000000000000000000000000000000000000000000000000000000000100013116983020JOSE VICENTE BENITES TEIXEIRA           R. CEL. XISTO PELLINE, 45                           27541085                                                            000005
1                   000902692011248461-496                    0000000000000000496300000000002               01496       31051100000008000000000000012N140411060500000000000000000000000000000000000000000000000000000000000100013116983020JOSE VICENTE BENITES TEIXEIRA           R. CEL. XISTO PELLINE, 45                           27541085                                                            000006
1                   000902692011248461-497                    0000000000000000497100000000002               01497       30061100000008000000000000012N140411060500000000000000000000000000000000000000000000000000000000000100013116983020JOSE VICENTE BENITES TEIXEIRA           R. CEL. XISTO PELLINE, 45                           27541085                                                            000007
1                   000902692011248461-498                    0000000000000000498P00000000002               01498       29071100000008000000000000012N140411060500000000000000000000000000000000000000000000000000000000000100013116983020JOSE VICENTE BENITES TEIXEIRA           R. CEL. XISTO PELLINE, 45                           27541085                                                            000008
1                   000902692011248461-500                    0000000000000000500500000000002               01500       25041100000000130000000000012N150411060500000000000000000000000000000000000000000000000000000000000100055718248320RAIMUNDO FERNANDES DE SOUSA             Estrada Tenente José Maria da Cunha,84              06783230                                                            000009
1                   000902692011248461-501                    0000000000000000501300000000002               01501       25041100000000030000000000012N150411000000000000000100000000000000000000000000000000000000000000000208472787000104LC 15 COMERCIO E CONFECÇÕES LTDA - ME   Rua da Juta,369                                     03010010                                                            000010
1                   000902692011248461-502                    0000000000000000502100000000002               01502       25041100000000077550000000012N150411000000000000000260000000000000000000000000000000000000000000000260746948029870237 Banco Bradesco S.A.                 Avenida Conselheiro Carrão ,3062                    03402003                                                            000011
1                   000902692011248461-503                    0000000000000000503P00000000002               01503       25041100000000160000000000012N150411000000000000000530000000000000000000000000000000000000000000000260746948050721237 Banco Bradesco S.A.                 Rua Antônio de Barros,356                           03401001                                                            000012
1                   000902692011248461-504                    0000000000000000504800000000002               01504       25041100000000256800000000012N150411000000000000000860000000000000000000000000000000000000000000000200360305267887104 Caixa Econômica Federal             Rua São Joaquim ,69-5º andar                        01508001                                                            000013
1                   000902692011248461-505                    0000000000000000505600000000002               01505       25041100000000388000000000012N150411000000000000001290000000000000000000000000000000000000000000000262232889000190Banco Daycoval S/A                      Avenida Paulista ,1793-02º Andar                    01311200                                                            000014
1                   000902692011248461-506                    0000000000000000506400000000002               01506       25041100000000100000000000012N150411000000000000000330000000000000000000000000000000000000000000000200360305025441104 Caixa Econômica Federal             Rua Joaquim Floriano ,446                           04534002                                                            000015
1                   000902692011248461-507                    0000000000000000507200000000002               01507       25041100000000208220000000012N150411000000000000000690000000000000000000000000000000000000000000000202587243000101CONFECÇÕES MOREMEL                      Rua José Paulino,37                                 00000000                                                            000016
9                                                                                                                                                                                                                                                                                                                                                                                                         000017