01REMESSA01COBRANCA       00000000000004130991SISTEMA DE CARTóRIO CERTIDõES 237BRADESCO       150212        MX0000505                                                                                                                                                                                                                                                                                     000001
1                   000902692011248461-2940                   0000000000000002940000000000002               012940      27021200000000575000000000012N140212120000000000001920000000000000000000000000000000000000000000000262232889000190Banco Daycoval S/A                      Avenida Paulista ,1793-02º Andar                    01311200                                                            000002
1                   000902692011248461-2941                   0000000000000002941900000000002               012941      27021200000000395500000000012N140212120000000000001320000000000000000000000000000000000000000000000253283180000122Tesheiner Cavassani e Giacomazi AdvogadoRua João Adolfo,118-Conj. 405                       01050020                                                            000003
1                   000902692011248461-2942                   0000000000000002942700000000002               012942      27021200000000365400000000012N140212120000000000001220000000000000000000000000000000000000000000000253283180000122Tesheiner Cavassani e Giacomazi AdvogadoRua João Adolfo,118-Conj. 405                       01050020                                                            000004
1                   000902692011248461-2943                   0000000000000002943500000000002               012943      27021200000000417510000000012N140212120000000000001390000000000000000000000000000000000000000000000253283180000122Tesheiner Cavassani e Giacomazi AdvogadoRua João Adolfo,118-Conj. 405                       01050020                                                            000005
1                   000902692011248461-2944                   0000000000000002944300000000002               012944      27021200000000248030000000012N140212120000000000000830000000000000000000000000000000000000000000000253283180000122Tesheiner Cavassani e Giacomazi AdvogadoRua João Adolfo,118-Conj. 405                       01050020                                                            000006
1                   000902692011248461-2945                   0000000000000002945100000000002               012945      27021200000000990910000000012N140212120000000000003300000000000000000000000000000000000000000000000200360305257733104 Caixa Econômica Federal             Avenida Industrial ,600-1º andar, sala 1            09080500                                                            000007
1                   000902692011248461-2946                   0000000000000002946P00000000002               012946      27021200000000110000000000012N140212120000000000000370000000000000000000000000000000000000000000000253283180000122Tesheiner Cavassani e Giacomazi AdvogadoRua João Adolfo,118-Conj. 405                       01050020                                                            000008
1                   000902692011248461-2947                   0000000000000002947800000000002               012947      27021200000000480000000000012N140212120000000000001600000000000000000000000000000000000000000000000209263012000183Fundo de Investimento em Direitos CreditAvenida Paulista,1499-19º andar                     01311200                                                            000009
1                   000902692011248461-2948                   0000000000000002948600000000002               012948      27021200000000152000000000012N140212120000000000000510000000000000000000000000000000000000000000000209263012000183Fundo de Investimento em Direitos CreditAvenida Paulista,1499-19º andar                     01311200                                                            000010
1                   000902692011248461-2949                   0000000000000002949400000000002               012949      27021200000000394200000000012N140212120000000000001310000000000000000000000000000000000000000000000292894922000108BANCO MATONE (Núcleo Consignado RJ - MatAvenida Rio Branco,115-18º andar                    20040004                                                            000011
1                   000902692011248461-2950                   0000000000000002950800000000002               012950      17021200000043000000000000012N140212000000000000000000000000000000000000000000000000000000000000000100007671421871RONALDO MUNHOZ                          RUA JOÃO MOURA, 1310 APTO 52                        05412003                                                            000012
1                   000902692011248461-2951                   0000000000000002951600000000002               012951      29021200000011000000000000012N150212000000000000000000000000000000000000000000000000000000000000000100024559520291ROGERIO ALENCAR RAMOS                   RUA S-5, 440 APTO 1402 EDIFICIO BENEVILL            74823460                                                            000013
1                   000902692011248461-2952                   0000000000000002952400000000002               012952      25021200000000522000000000012N150212120000000000001740000000000000000000000000000000000000000000000203723171000137E Cunha Consultoria Empresarial Ltda.   Rua Nova York ,959                                  04560002                                                            000014
1                   000902692011248461-2953                   0000000000000002953200000000002               012953      25021200000001200000000000012N150212120000000000004000000000000000000000000000000000000000000000000209263012000183Fundo de Investimento em Direitos CreditAvenida Paulista,1499-19º andar                     01311200                                                            000015
1                   000902692011248461-2954                   0000000000000002954000000000002               012954      25021200000000100000000000012N150212120000000000000330000000000000000000000000000000000000000000000253283180000122Tesheiner Cavassani e Giacomazi AdvogadoRua João Adolfo,118-Conj. 405                       01050020                                                            000016
1                   000902692011248461-2955                   0000000000000002955900000000002               012955      29021200000006000000000000012N150212000000000000000000000000000000000000000000000000000000000000000100064925285149ANA KARINA LOPES BARBOSA                RUA 255, 935 - QUADRA 02 - LOTE 117                 74533150                                                            000017
1                   000902692011248461-2910                   0000000000000002910900000000002               312910      22021200000000040250000000012N090212120000000000010000000000000000000000000000000000000000000000000210377191000169ACM ASSESSORIA CONTABIL LTDA            Avenida Capitão Mário Toledo de Camargo,            09170150                                                            000018
1                   000902692011248461-2910                   0000000000000002910900000000002               062910      22021200000000040250000000012N090212120000000000010000000000000000000000000000000000000000000000000210377191000169ACM ASSESSORIA CONTABIL LTDA            Avenida Capitão Mário Toledo de Camargo,            09170150                                                            000019
1                   000902692011248461-2764                   0000000000000002764500000000002               022764      13021200000000700000000000012N020212120000000000010000000000000000000000000000000000000000000000000262232889000190Banco Daycoval S/A                      Avenida Paulista ,1793-02º Andar                    01311200                                                            000020
1                   000902692011248461-2724                   0000000000000002724600000000002               062724      01031200000000448000000000012N270112120000000000010000000000000000000000000000000000000000000000000209263012000183Fundo de Investimento em Direitos CreditAvenida Paulista ,1499-19º andar                    01311200                                                            000021
1                   000902692011248461-2500                   0000000000000002500600000000002               062500      20021200000000131990000000012N261211120000000000010000000000000000000000000000000000000000000000000200360305257300104 Caixa Econômica Federal             Av Paulista,,1842-Torre Norte // 20º and            01310923                                                            000022
1                   000902692011248461-2500                   0000000000000002500600000000002               312500      20021200000000131990000000012N261211120000000000010000000000000000000000000000000000000000000000000200360305257300104 Caixa Econômica Federal             Av Paulista,,1842-Torre Norte // 20º and            01310923                                                            000023
1                   000902692011248461-2929                   0000000000000002929P00000000002               062929      29021200000000077000000000012N100212120000000000010000000000000000000000000000000000000000000000000270940994000101PANDURATA ALIMENTOS LTDA.               Rua Fritz Reimann,628-3º andar                      07044020                                                            000024
9                                                                                                                                                                                                                                                                                                                                                                                                         000025