01REMESSA01COBRANCA       00000000000004130991SISTEMA DE CARTóRIO CERTIDõES 237BRADESCO       160811        MX0000423                                                                                                                                                                                                                                                                                     000001
1                   000902692011248461-1390                   0000000000000001390300000000002               011390      25081100000000400000000000012N150811120000000000001330000000000000000000000000000000000000000000000200360305319356104 Caixa Econômica Federal             Av. Vereador José Diniz, ,3600                      04604005                                                            000002
1                   000902692011248461-1391                   0000000000000001391100000000002               011391      25081100000000290000000000012N150811120000000000000970000000000000000000000000000000000000000000000200360305196920104 Caixa Econômica Federal             Alameda Araguaia, 370/380,370/380                   06454400                                                            000003
1                   000902692011248461-1392                   0000000000000001392P00000000002               011392      25081100000000560000000000012N150811120000000000001870000000000000000000000000000000000000000000000209263012000183Fundo de Investimento em Direitos CreditAvenida Paulista ,1499-19º. Andar                   01311200                                                            000004
1                   000902692011248461-1393                   0000000000000001393800000000002               011393      25081100000000280000000000012N150811120000000000000930000000000000000000000000000000000000000000000207523097000166BERNARDI&SCHNAPP ADVOGADOS              Bela Cintra, ,1149-12º andar                        14150001                                                            000005
1                   000902692011248461-1394                   0000000000000001394600000000002               011394      25081100000000580000000000012N150811120000000000001930000000000000000000000000000000000000000000000200360305122137104 Caixa Econômica Federal             Av: Professor Francisco Morato,,1415                05513100                                                            000006
1                   000902692011248461-1395                   0000000000000001395400000000002               011395      25081100000000101000000000012N150811120000000000000340000000000000000000000000000000000000000000000210377191000169ACM  Legalizações Empresariais Ltda. - MAvenida Capitão Mário Toledo de Camargo,            09170150                                                            000007
1                   000902692011248461-1396                   0000000000000001396200000000002               011396      26081100000000157800000000012N160811120000000000000530000000000000000000000000000000000000000000000253283180000122Tesheiner Cavassani e Giacomazi AdvogadoRua João Adolfo,118-Conj. 405                       01050020                                                            000008
1                   000902692011248461-1397                   0000000000000001397000000000002               011397      26081100000000144000000000012N160811120000000000000480000000000000000000000000000000000000000000000100010083352821BERNADETE DANIEL DA SILVA               RUA; SAN JUAN,169                                   09351080                                                            000009
1                   000902692011248461-1121                   0000000000000001121800000000002               021121      25071100000001232180000000012N120711120000000000010000000000000000000000000000000000000000000000000209263012000183Fundo de Investimento em Direitos CreditAvenida Paulista,1499-19º andar                     01311200                                                            000010
1                   000902692011248461-1221                   0000000000000001221400000000002               021221      05081100000000345000000000012N260711120000000000010000000000000000000000000000000000000000000000000209263012000183Fundo de Investimento em Direitos CreditAvenida Paulista,1499-19º. Andar                    01311200                                                            000011
1                   000902692011248461-1223                   0000000000000001223000000000002               021223      08071100000000200000000000012N270711120000000000010000000000000000000000000000000000000000000000000209263012000183Fundo de Investimento em Direitos CreditAvenida Paulista,,1499-19º andar                    01311200                                                            000012
1                   000902692011248461-1227                   0000000000000001227300000000002               021227      08081100000000340000000000012N280711120000000000010000000000000000000000000000000000000000000000000209263012000183Fundo de Investimento em Direitos CreditAvenida Paulista ,1499-19º. Andar                   01311200                                                            000013
1                   000902692011248461-1239                   0000000000000001239700000000002               021239      08081100000000085600000000012N290711120000000000010000000000000000000000000000000000000000000000000209263012000183Fundo de Investimento em Direitos CreditAvenida Paulista ,1499-19º. Andar                   01311200                                                            000014
1                   000902692011248461-1230                   0000000000000001230300000000002               021230      08081100000000148400000000012N280711120000000000010000000000000000000000000000000000000000000000000209263012000183Fundo de Investimento em Direitos CreditAvenida Paulista ,1499-19º. Andar                   01311200                                                            000015
1                   000902692011248461-1182                   0000000000000001182P00000000002               021182      01081100000000200000000000012N210711120000000000010000000000000000000000000000000000000000000000000200360305407131104 Caixa Econômica Federal             Estrada de Itapecerica,3429                         05835000                                                            000016
1                   000902692011248461-1234                   0000000000000001234600000000002               021234      08081100000000090000000000012N280711120000000000010000000000000000000000000000000000000000000000000100062220063887NEUZA MARIA DA SILVA MOREIRA            Avenida Jurucê,407-APTO 33                          04080011                                                            000017
9                                                                                                                                                                                                                                                                                                                                                                                                         000018