01REMESSA01COBRANCA       00000000000004130991SISTEMA DE CARTÛRIO CERTIDıES 237BRADESCO       161111        MX0000469                                                                                                                                                                                                                                                                                     000001
1                   000902692011248461-2167                   0000000000000002167100000000002               012167      21111100000002265500000000012N101111120000000000007550000000000000000000000000000000000000000000000203723171000137E Cunha Consultoria Empresarial Ltda.   Rua Nova York,959                                   04560002                                                            000002
1                   000902692011248461-2169                   0000000000000002169800000000002               012169      20111100000020000000000000012N101111000000000000000000000000000000000000000000000000000000000000000100014249418812REINALDO JOSE VENANCIO JUNIOR           RUA HAITI, 129                                      09280290                                                            000003
1                   000902692011248461-2170                   0000000000000002170100000000002               012170      20121100000010000000000000012N101111000000000000000000000000000000000000000000000000000000000000000100014249418812REINALDO JOSE VENANCIO JUNIOR           RUA HAITI, 129                                      09280290                                                            000004
1                   000902692011248461-2171                   0000000000000002171P00000000002               012171      20011200000010000000000000012N101111000000000000000000000000000000000000000000000000000000000000000100014249418812REINALDO JOSE VENANCIO JUNIOR           RUA HAITI, 129                                      09280290                                                            000005
1                   000902692011248461-2172                   0000000000000002172800000000002               012172      20021200000010000000000000012N101111000000000000000000000000000000000000000000000000000000000000000100014249418812REINALDO JOSE VENANCIO JUNIOR           RUA HAITI, 129                                      09280290                                                            000006
1                   000902692011248461-2173                   0000000000000002173600000000002               012173      20031200000010000000000000012N101111000000000000000000000000000000000000000000000000000000000000000100014249418812REINALDO JOSE VENANCIO JUNIOR           RUA HAITI, 129                                      09280290                                                            000007
1                   000902692011248461-2174                   0000000000000002174400000000002               012174      20041200000010000000000000012N101111000000000000000000000000000000000000000000000000000000000000000100014249418812REINALDO JOSE VENANCIO JUNIOR           RUA HAITI, 129                                      09280290                                                            000008
1                   000902692011248461-2175                   0000000000000002175200000000002               012175      20051200000010000000000000012N101111000000000000000000000000000000000000000000000000000000000000000100014249418812REINALDO JOSE VENANCIO JUNIOR           RUA HAITI, 129                                      09280290                                                            000009
1                   000902692011248461-2176                   0000000000000002176000000000002               012176      20061200000010000000000000012N101111000000000000000000000000000000000000000000000000000000000000000100014249418812REINALDO JOSE VENANCIO JUNIOR           RUA HAITI, 129                                      09280290                                                            000010
1                   000902692011248461-2177                   0000000000000002177900000000002               012177      20071200000010000000000000012N101111000000000000000000000000000000000000000000000000000000000000000100014249418812REINALDO JOSE VENANCIO JUNIOR           RUA HAITI, 129                                      09280290                                                            000011
1                   000902692011248461-2178                   0000000000000002178700000000002               012178      20111100000014000000000000012N101111000000000000000000000000000000000000000000000000000000000000000100014249418812REINALDO JOSE VENANCIO JUNIOR           RUA HAITI, 129                                      09280290                                                            000012
1                   000902692011248461-2179                   0000000000000002179500000000002               012179      20121100000007000000000000012N101111000000000000000000000000000000000000000000000000000000000000000100014249418812REINALDO JOSE VENANCIO JUNIOR           RUA HAITI, 129                                      09280290                                                            000013
1                   000902692011248461-2180                   0000000000000002180900000000002               012180      20011200000007000000000000012N101111000000000000000000000000000000000000000000000000000000000000000100014249418812REINALDO JOSE VENANCIO JUNIOR           RUA HAITI, 129                                      09280290                                                            000014
1                   000902692011248461-2181                   0000000000000002181700000000002               012181      20021200000007000000000000012N101111000000000000000000000000000000000000000000000000000000000000000100014249418812REINALDO JOSE VENANCIO JUNIOR           RUA HAITI, 129                                      09280290                                                            000015
1                   000902692011248461-2182                   0000000000000002182500000000002               012182      20031200000007000000000000012N101111000000000000000000000000000000000000000000000000000000000000000100014249418812REINALDO JOSE VENANCIO JUNIOR           RUA HAITI, 129                                      09280290                                                            000016
1                   000902692011248461-2183                   0000000000000002183300000000002               012183      20041200000007000000000000012N101111000000000000000000000000000000000000000000000000000000000000000100014249418812REINALDO JOSE VENANCIO JUNIOR           RUA HAITI, 129                                      09280290                                                            000017
1                   000902692011248461-2184                   0000000000000002184100000000002               012184      20051200000007000000000000012N101111000000000000000000000000000000000000000000000000000000000000000100014249418812REINALDO JOSE VENANCIO JUNIOR           RUA HAITI, 129                                      09280290                                                            000018
1                   000902692011248461-2185                   0000000000000002185P00000000002               012185      20061200000007000000000000012N101111000000000000000000000000000000000000000000000000000000000000000100014249418812REINALDO JOSE VENANCIO JUNIOR           RUA HAITI, 129                                      09280290                                                            000019
1                   000902692011248461-2186                   0000000000000002186800000000002               012186      20071200000007000000000000012N101111000000000000000000000000000000000000000000000000000000000000000100014249418812REINALDO JOSE VENANCIO JUNIOR           RUA HAITI, 129                                      09280290                                                            000020
1                   000902692011248461-2187                   0000000000000002187600000000002               012187      14111100000000174000000000012N101111120000000000000580000000000000000000000000000000000000000000000100002332149848Luiz Flavio Borges Durso                Rua: Nestor Pestana, 125   6 ∫ Andar                01303010Ordem 145428/1                                              000021
1                   000902692011248461-2188                   0000000000000002188400000000002               012188      21111100000000424250000000012N101111120000000000001410000000000000000000000000000000000000000000000253283180000122Tesheiner Cavassani e Giacomazi AdvogadoRua Jo„o Adolfo,118-Conj. 405                       01050020                                                            000022
1                   000902692011248461-2189                   0000000000000002189200000000002               012189      23111100000015000000000000012N161111000000000000000000000000000000000000000000000000000000000000000100007054159616OTAVIO ROCCO E CUNHA                    ALAMEDA JOSE CLETO DUARTE, 99                       37540000                                                            000023
1                   000902692011248461-1982                   0000000000000001982000000000002               061982      29111100000000144000000000012N241011120000000000010000000000000000000000000000000000000000000000000209263012000183Fundo de Investimento em Direitos CreditAvenida Paulista,1499-19∫. Andar                    01311200                                                            000024
1                   000902692011248461-1742                   0000000000000001742900000000002               021742      13101100000000560000000000012N260911120000000000010000000000000000000000000000000000000000000000000209263012000183Fundo de Investimento em Direitos CreditAvenida Paulista ,1499-19∫. Andar                   01311200                                                            000025
1                   000902692011248461-1519                   0000000000000001519100000000002               021519      12091100000000840000000000012N010911120000000000010000000000000000000000000000000000000000000000000209263012000183Fundo de Investimento em Direitos CreditAvenida Paulista ,1499-19∫. Andar                   01311200                                                            000026
1                   000902692011248461-2141                   0000000000000002141800000000002               022141      14111100000000192000000000012N041111120000000000010000000000000000000000000000000000000000000000000262232889000190Banco Daycoval S/A                      Avenida Paulista ,1793-02∫ Andar                    01311200                                                            000027
9                                                                                                                                                                                                                                                                                                                                                                                                         000028