01REMESSA01COBRANCA       00000000000004130991SISTEMA DE CARTóRIO CERTIDõES 237BRADESCO       160211        MX0000320                                                                                                                                                                                                                                                                                     000001
1                   000902692011248461-14                     0000000000000000014300000000002               3114        08021100000000100000000000012N010211060500000000002000000000000000000000000000000000000000000000000100028932661855Teste Desconsiderar                     Rua Nanana                                          212300401                                                           000002
1                   000902692011248461-14                     0000000000000000014300000000002               3114        08021100000000100000000000012N010211060500000000002000000000000000000000000000000000000000000000000100028932661855Teste Desconsiderar                     Rua Nanana                                          21230040                                                            000003
1                   000902692011248461-14                     0000000000000000014300000000002               1814        08021100000000359200000000012N010211000000000000010000000000000000000000000000000000000000000000000110946715000195BASA SERVICOS EM CARTORIOS LTDA - ME    R. Luiz Faccine,404                                 07110000                                                            000004
1                   000902692011248461-14                     0000000000000000014300000000002               0214        08021100000000359200000000012N010211000000000000010000000000000000000000000000000000000000000000000110946715000195BASA SERVICOS EM CARTORIOS LTDA - ME    R. Luiz Faccine,404                                 07110000                                                            000005
1                   000902692011248461-39                     0000000000000000039900000000002               0639        16011100000000363700000000012N020211000000000000010000000000000000000000000000000000000000000000000111029315000188SUZAN CART CERTIDOES LTDA - ME          Rua Gal. Francisco Glicério,1185                    08674003                                                            000006
1                   000902692011248461-38                     0000000000000000038000000000002               0638        16011100000000006780000000012N020211000000000000010000000000000000000000000000000000000000000000000151915072000108Associação Comercial, Industrial e AgropRua Antônio Jorge Chebab,1212                       13170005                                                            000007
1                   000902692011248461-1                      0000000000000000001100000000002               311         08021100000000015500000000012N010211000000000000010000000000000000000000000000000000000000000000000111838860000115M.L. CARDOSO - PRESTAÇÃO DE SERVIÇOS -2 Rua Luiz Pereira Barreto,304                        16010320                                                            000008
1                   000902692011248461-1                      0000000000000000001100000000002               311         08021100000000015500000000012N010211062000000000010000000000000000000000000000000000000000000000000111838860000115M.L. CARDOSO - PRESTAÇÃO DE SERVIÇOS - ERua Luiz Pereira Barreto,304            primeira men16010320segunda mensagem                                            000009
9                                                                                                                                                                                                                                                                                                                                                                                                         000010
