01REMESSA01COBRANCA       00000000000004130991SISTEMA DE CARTÛRIO CERTIDıES 237BRADESCO       160312        MX0000513                                                                                                                                                                                                                                                                                     000001
1                   000902692011248461-3182                   0000000000000003182000000000002               063182      28031200000006728800000000012N130312120000000000010000000000000000000000000000000000000000000000000233479023000180CITIBANK RISK MANAGEMENT                Avenida Paulista, n∫ 1.111, 2∫ andar,1.1            01311920                                                            000002
9                                                                                                                                                                                                                                                                                                                                                                                                         000003