01REMESSA01COBRANCA       00000000000004130991SISTEMA DE CARTÛRIO CERTIDıES 237BRADESCO       160112        MX0000496                                                                                                                                                                                                                                                                                     000001
1                   000902692011248461-2663                   0000000000000002663000000000002               012663      23011200000001114960000000012N130112120000000000003720000000000000000000000000000000000000000000000207450604000189Bicbanco S/A                            Avenida Paulista , ,1048-12∫ andar                  01310100                                                            000002
1                   000902692011248461-2664                   0000000000000002664900000000002               012664      17011200000000142500000000012N160112000000000000000000000000000000000000000000000000000000000000000100081096100134FERNANDO PEREIRA ALVES DE MENEZES       RUA ROBERTO DE SOUZA, 2700                          76824512                                                            000003
1                   000902692011248461-2665                   0000000000000002665700000000002               012665      17011200000000113700000000012N160112000000000000000000000000000000000000000000000000000000000000000100012460856741RAFAEL DE OLIVEIRA FERREIRA             TRAVESSA SERVIDAO LESTE, 19 AP 201                  22451261                                                            000004
1                   000902692011248461-2494                   0000000000000002494800000000002               062494      27011200000000503940000000012N201211120000000000010000000000000000000000000000000000000000000000000233479023000180BANCO CITIBANK S.A                      Avenida Paulista,,1.111-2∫ andar                    01311920                                                            000005
1                   000902692011248461-2503                   0000000000000002503000000000002               062503      27011200000001040000000000012N271211120000000000010000000000000000000000000000000000000000000000000233479023000180BANCO CITIBANK S.A                      Avenida Paulista, n∫ 1.111, 2∫ andar,1.1            01311920                                                            000006
1                   000902692011248461-2445                   0000000000000002445P00000000002               062445      27011200000001244000000000012N131211120000000000010000000000000000000000000000000000000000000000000233479023000180BANCO CITIBANK S.A                      Avenida Paulista, n∫ 1.111, 2∫ andar,1.1            01311920                                                            000007
1                   000902692011248461-2446                   0000000000000002446800000000002               062446      27011200000001866000000000012N131211120000000000010000000000000000000000000000000000000000000000000233479023000180BANCO CITIBANK S.A                      Avenida Paulista, n∫ 1.111, 2∫ andar,1.1            01311920                                                            000008
1                   000902692011248461-2619                   0000000000000002619300000000002               062619      26011200000000200000000000012N060112120000000000010000000000000000000000000000000000000000000000000209263012000183Fundo de Investimento em Direitos CreditAvenida Paulista ,1499-19∫. Andar                   01311200                                                            000009
9                                                                                                                                                                                                                                                                                                                                                                                                         000010