01REMESSA01COBRANCA       00000000000004130991SISTEMA DE CARTóRIO CERTIDõES 237BRADESCO       160211        MX0000321                                                                                                                                                                                                                                                                                     000001
1                   000902692011248461-39                     0000000000000000039900000000002               0639        16011100000000363700000000012N020211000000000000010000000000000000000000000000000000000000000000000111029315000188SUZAN CART CERTIDOES LTDA - ME          Rua Gal. Francisco Glicério,1185                    08674003                                                            000002
1                   000902692011248461-38                     0000000000000000038000000000002               0638        16011100000000006780000000012N020211000000000000010000000000000000000000000000000000000000000000000151915072000108Associação Comercial, Industrial e AgropRua Antônio Jorge Chebab,1212                       13170005                                                            000003
1                   000902692011248461-1                      0000000000000000001100000000002               311         08021100000000015500000000012N010211000000000000010000000000000000000000000000000000000000000000000111838860000115M.L. CARDOSO - PRESTAÇÃO DE SERVIÇOS -2 Rua Luiz Pereira Barreto,304                        16010320                                                            000004
9                                                                                                                                                                                                                                                                                                                                                                                                         000005
