01REMESSA01COBRANCA       00000000000004130991SISTEMA DE CARTóRIO CERTIDõES 237BRADESCO       161211        MX0000482                                                                                                                                                                                                                                                                                     000001
1                   000902692011248461-2454                   0000000000000002454900000000002               012454      26121100000000120000000000012N141211120000000000000400000000000000000000000000000000000000000000000229557105000128COMPANHIA DE MARCAS                     Rua São Miguel, 11                                  20530420                                                            000002
1                   000902692011248461-2455                   0000000000000002455700000000002               012455      26121100000000180000000000012N141211120000000000000600000000000000000000000000000000000000000000000253283180000122Tesheiner Cavassani e Giacomazi AdvogadoRua João Adolfo,118-Conj. 405                       01050020                                                            000003
1                   000902692011248461-2456                   0000000000000002456500000000002               012456      30121100000000228380000000012N141211120000000000000760000000000000000000000000000000000000000000000292894922000108BANCO ORIGINAL  S/A                     Avenida Rio Branco,115-18º andar                    20040004                                                            000004
1                   000902692011248461-2457                   0000000000000002457300000000002               012457      26121100000000170000000000012N141211120000000000000570000000000000000000000000000000000000000000000209624793000194BIANCHINI SOCIEDADE DE ADVOGADOS        Avenida Pedroso de Morais,2315                      05419001                                                            000005
1                   000902692011248461-2459                   0000000000000002459P00000000002               012459      26121100000000280000000000012N141211120000000000000930000000000000000000000000000000000000000000000201029445000167Escritorio de Advocacia Vieira de Mello Rua Líbero Badaró,425                               01090000                                                            000006
1                   000902692011248461-2460                   0000000000000002460300000000002               012460      06011200000000432000000000012N141211120000000000001440000000000000000000000000000000000000000000000201701201000189HSBC Bank Brasil S.A. - Banco Multiplo -Rua Doutor Seidel,,425                              05315000                                                            000007
1                   000902692011248461-2461                   0000000000000002461100000000002               012461      26121100000000568000000000012N141211120000000000001890000000000000000000000000000000000000000000000200360305023902104 Caixa Econômica Federal             Rua Augusta,2514/2516                               01412100                                                            000008
1                   000902692011248461-2462                   0000000000000002462P00000000002               012462      30121100000000478000000000012N141211120000000000001590000000000000000000000000000000000000000000000209263012000183Fundo de Investimento em Direitos CreditAvenida Paulista ,1499-19º. Andar                   01311200                                                            000009
1                   000902692011248461-2463                   0000000000000002463800000000002               012463      21121100000020000000000000012N141211000000000000000000000000000000000000000000000000000000000000000100086694235704ROBERTO CARLOS ROCHA DE SOUZA           RUA HILTON ALEXANDRE DOS SANTOS, 47                 24346051                                                            000010
1                   000902692011248461-2464                   0000000000000002464600000000002               012464      23011200000020000000000000012N141211000000000000000000000000000000000000000000000000000000000000000100086694235704ROBERTO CARLOS ROCHA DE SOUZA           RUA HILTON ALEXANDRE DOS SANTOS, 47                 24346051                                                            000011
1                   000902692011248461-2465                   0000000000000002465400000000002               012465      20121100000004488240000000012N151211120000000000000000000000000000000000000000000000000000000000000129557105000128COMPANHIA DE MARCAS                     Rua São Miguel, 11                                  20530420                                                            000012
1                   000902692011248461-2466                   0000000000000002466200000000002               012466      26121100000000332110000000012N151211120000000000001110000000000000000000000000000000000000000000000200360305181656104 Caixa Econômica Federal             Avenida Santo Amaro ,7237                           04701200                                                            000013
1                   000902692011248461-2467                   0000000000000002467000000000002               012467      26121100000000373920000000012N151211120000000000001250000000000000000000000000000000000000000000000209624793000194BIANCHINI SOCIEDADE DE ADVOGADOS        Avenida Pedroso de Morais,2315                      05419001                                                            000014
1                   000902692011248461-2468                   0000000000000002468900000000002               012468      26121100000000480000000000012N151211120000000000001600000000000000000000000000000000000000000000000201701201000189HSBC Bank Brasil S.A. - Banco Multiplo -Rua Doutor Seidel,,425                              05315000                                                            000015
1                   000902692011248461-2470                   0000000000000002470000000000002               012470      26121100000000086000000000012N1512111200000000000002900000000000000000000000000000000000000000000002000000005291411 Banco do Brasil S.A.                  Estrada do Campo Limpo ,4077                        05787000                                                            000016
1                   000902692011248461-2471                   0000000000000002471900000000002               012471      26121100000000086000000000012N1512111200000000000002900000000000000000000000000000000000000000000002000000005291411 Banco do Brasil S.A.                  Estrada do Campo Limpo ,4077                        05787000                                                            000017
1                   000902692011248461-2472                   0000000000000002472700000000002               012472      26121100000000170000000000012N15121112000000000000057000000000000000000000000000000000000000000000029270206701422741 Banco do Estado do Rio Grande do Sul Avenida: Paulista,2.381                             01311300                                                            000018
1                   000902692011248461-2473                   0000000000000002473500000000002               012473      26121100000000332110000000012N151211120000000000001110000000000000000000000000000000000000000000000200360305181656104 Caixa Econômica Federal             Avenida Santo Amaro ,7237                           04701200                                                            000019
1                   000902692011248461-2474                   0000000000000002474300000000002               012474      26121100000000086000000000012N1612111200000000000002900000000000000000000000000000000000000000000002000000005291411 Banco do Brasil S.A.                  Estrada do Campo Limpo ,4077                        05787000                                                            000020
1                   000902692011248461-2475                   0000000000000002475100000000002               012475      30121100000000217000000000012N161211120000000000000720000000000000000000000000000000000000000000000209263012000183Fundo de Investimento em Direitos CreditAvenida Paulista ,1499-19º. Andar                   01311200                                                            000021
1                   000902692011248461-2476                   0000000000000002476P00000000002               012476      26121100000000180000000000012N161211120000000000000600000000000000000000000000000000000000000000000253283180000122Tesheiner Cavassani e Giacomazi AdvogadoRua João Adolfo,118-Conj. 405                       01050020                                                            000022
1                   000902692011248461-2417                   0000000000000002417400000000002               062417      30121100000000196000000000012N071211120000000000010000000000000000000000000000000000000000000000000290400888000142353 Banco Santander Brasil S.A.         Avenida Interlagos,3501-Bl. 10 – Térreo             04661300                                                            000023
1                   000902692011248461-2244                   0000000000000002244900000000002               022244      05021200000020000000000000012N181111000000000000000000000000000000000000000000000000000000000000000100064925285149ANA KARINA LOPES BARBOSA                RUA 255, 935 - QUADRA 02 - LOTE 117                 74533150                                                            000024
1                   000902692011248461-2202                   0000000000000002202300000000002               062202      30121100000000440000000000012N1611111200000000000100000000000000000000000000000000000000000000000002000000006689311 Banco do Brasil S.A.                  Avenida Nazaré ,595                                 04263000                                                            000025
1                   000902692011248461-2453                   0000000000000002453000000000002               312453      26121100000000100000000000012N141211120000000000010000000000000000000000000000000000000000000000000229557105000128COMPANHIA DE MARCAS                     Rua São Miguel, 11                                  20530420                                                            000026
9                                                                                                                                                                                                                                                                                                                                                                                                         000027