01REMESSA01COBRANCA       00000000000004130991SISTEMA DE CARTóRIO CERTIDõES 237BRADESCO       160611        MX0000387                                                                                                                                                                                                                                                                                     000001
1                   000902692011248461-928                    0000000000000000928000000000002               01928       27061100000000200000000000012N150611000000000000000670000000000000000000000000000000000000000000000253283180000122Tesheiner Cavassani e Giacomazi AdvogadoRua João Adolfo,118-Conj. 405                       01050020                                                            000002
1                   000902692011248461-929                    0000000000000000929900000000002               01929       27061100000000171200000000012N150611000000000000000570000000000000000000000000000000000000000000000209263012000183Fundo de Investimento em Direitos CreditAvenida Paulista,1499-19º andar                     01311200                                                            000003
1                   000902692011248461-784                    0000000000000000784900000000002               02784       09061100000000090000000000012N300511000000000000010000000000000000000000000000000000000000000000000100000078445817ERNESTO DO PRADO                        Rua Maria do Carmo,147                              07094100                                                            000004
1                   000902692011248461-783                    0000000000000000783000000000002               02783       09061100000000100000000000012N300511000000000000010000000000000000000000000000000000000000000000000200360305289937104 Caixa Econômica Federal             Avenida Brigadeiro Luís Antônio,580                 01318000                                                            000005
1                   000902692011248461-778                    0000000000000000778400000000002               02778       08061100000000100000000000012N270511000000000000010000000000000000000000000000000000000000000000000200360305289937104 Caixa Econômica Federal             Avenida Brigadeiro Luís Antônio,580                 01318000                                                            000006
1                   000902692011248461-703                    0000000000000000703200000000002               02703       18051100000012000000000000012N120511060500000000000000000000000000000000000000000000000000000000000100017322431820RUBENS ROBLES JUNIOR                    RUA DO ORATORIO, 2319 - AP. 91 BL3                  03195100                                                            000007
1                   000902692011248461-458                    0000000000000000458000000000002               02458       12041100000064000000000000012N080411060500000000000000000000000000000000000000000000000000000000000100027336131387Eldon Tajra Evangelista de Souza        Rua Azar Chaib, 366                                 64053290                                                            000008
9                                                                                                                                                                                                                                                                                                                                                                                                         000009