01REMESSA01COBRANCA       00000000000004130991SISTEMA DE CARTóRIO CERTIDõES 237BRADESCO       160511        MX0000364                                                                                                                                                                                                                                                                                     000001
1                   000902692011248461-704                    0000000000000000704000000000002               01704       20051100000000156000000000012N130511000000000000000520000000000000000000000000000000000000000000000100056483996420SANDRA FERREIRA DE ARAUJO SILVA         Rua: Libero Badaró,,471-17º Andar                   01009903                                                            000002
1                   000902692011248461-705                    0000000000000000705900000000002               01705       23051100000000802780000000012N130511000000000000002680000000000000000000000000000000000000000000000203723171000137E Cunha Consultoria Empresarial Ltda.   Rua Nova York ,959-conj. 52                         04560002                                                            000003
1                   000902692011248461-706                    0000000000000000706700000000002               01706       23051100000000180000000000012N130511000000000000000600000000000000000000000000000000000000000000000253283180000122Tesheiner Cavassani e Giacomazi AdvogadoRua João Adolfo,118-Conj. 405                       01050020                                                            000004
1                   000902692011248461-707                    0000000000000000707500000000002               01707       23051100000000100000000000012N130511000000000000000330000000000000000000000000000000000000000000000253283180000122Tesheiner Cavassani e Giacomazi AdvogadoRua João Adolfo,118-Conj. 405                       01050020                                                            000005
1                   000902692011248461-708                    0000000000000000708300000000002               01708       23051100000001618400000000012N130511000000000000005390000000000000000000000000000000000000000000000200360305024550104 Caixa Econômica Federal             Avenida Doutor Gastão Vidigal,,1437                 05314000                                                            000006
1                   000902692011248461-709                    0000000000000000709100000000002               01709       23051100000000276600000000012N130511000000000000000920000000000000000000000000000000000000000000000100016874836803MARCO ANTONIO VISTUE DOS SANTOS         Rua Henrique Dias,239 e 263                         03009020                                                            000007
1                   000902692011248461-710                    0000000000000000710500000000002               01710       23051100000000090000000000012N130511000000000000000300000000000000000000000000000000000000000000000100005797152800MARIA EUGENIA BARBOSA                   Avenida Lacerda Franco,702                          01536000                                                            000008
1                   000902692011248461-711                    0000000000000000711300000000002               01711       23051100000000076000000000012N130511000000000000000250000000000000000000000000000000000000000000000233479023000180CITIBANK RISK MANAGEMENT                Avenida Paulista,1.111-2º andar                     01311920                                                            000009
1                   000902692011248461-683                    0000000000000000683400000000002               31683       24051100000000952000000000012N100511000000000000010000000000000000000000000000000000000000000000000200360305181656104 Caixa Econômica Federal             Avenida Santo Amaro ,7237                           04701200                                                            000010
1                   000902692011248461-683                    0000000000000000683400000000002               06683       24051100000000952000000000012N100511000000000000010000000000000000000000000000000000000000000000000200360305181656104 Caixa Econômica Federal             Avenida Santo Amaro ,7237                           04701200                                                            000011
1                   000902692011248461-681                    0000000000000000681800000000002               31681       24051100000000095200000000012N100511000000000000010000000000000000000000000000000000000000000000000200360305181656104 Caixa Econômica Federal             Avenida Santo Amaro ,7237                           04701200                                                            000012
1                   000902692011248461-681                    0000000000000000681800000000002               06681       24051100000000095200000000012N100511000000000000010000000000000000000000000000000000000000000000000200360305181656104 Caixa Econômica Federal             Avenida Santo Amaro ,7237                           04701200                                                            000013
1                   000902692011248461-536                    0000000000000000536600000000002               02536       05051100000000097000000000012N250411000000000000010000000000000000000000000000000000000000000000000100003713904944DANIELLA MASSUKI PEGO                   Rua Antônio Florindo de Souza,55                    06604120                                                            000014
1                   000902692011248461-541                    0000000000000000541200000000002               02541       05051100000000340000000000012N250411000000000000010000000000000000000000000000000000000000000000000209263012000183Fundo de Investimento em Direitos CreditAvenida Paulista,1499-19º andar                     01311200                                                            000015
9                                                                                                                                                                                                                                                                                                                                                                                                         000016