01REMESSA01COBRANCA       00000000000004130991SISTEMA DE CARTÛRIO CERTIDıES 237BRADESCO       170611        MX0000388                                                                                                                                                                                                                                                                                     000001
1                   000902692011248461-930                    0000000000000000930200000000002               01930       27061100000000143000000000012N160611000000000000000480000000000000000000000000000000000000000000000100012948162840EMERSON ALAN SPINA                      Rua Tucuna,600-Apto 94                              05021010                                                            000002
1                   000902692011248461-931                    0000000000000000931000000000002               01931       21061100000000447380000000012N170611000000000000000000000000000000000000000000000000000000000000000211338377000171VIVIANE COSSARI - ME                    RUA ALAGOAS, 137                                    15800900                                                            000003
9                                                                                                                                                                                                                                                                                                                                                                                                         000004