01REMESSA01COBRANCA       00000000000004130991SISTEMA DE CARTóRIO CERTIDõES 237BRADESCO       170112        MX0000497                                                                                                                                                                                                                                                                                     000001
1                   000902692011248461-2666                   0000000000000002666500000000002               012666      20011200000000107700000000012N160112000000000000000000000000000000000000000000000000000000000000000100036943031899NADYA MARIA LISBOA GOMES                R PARTICULAR TRAVESSA DA F. FALCÃO, 50              08452080                                                            000002
1                   000902692011248461-2667                   0000000000000002667300000000002               012667      27011200000000340000000000012N170112120000000000001130000000000000000000000000000000000000000000000209624793000194BIANCHINI SOCIEDADE DE ADVOGADOS        Avenida Pedroso de Morais,2315                      05419001                                                            000003
1                   000902692011248461-2668                   0000000000000002668100000000002               012668      27011200000000100000000000012N170112120000000000000330000000000000000000000000000000000000000000000200360305025441104 Caixa Econômica Federal             RUA: Joaquim Floriano, ,446                         04534002                                                            000004
1                   000902692011248461-2669                   0000000000000002669P00000000002               012669      23011200000010000000000000012N170112000000000000000000000000000000000000000000000000000000000000000100007677272746LUIS FELIPE CORREA                      RUA SILVA JARDIM, 310                               25615203                                                            000005
1                   000902692011248461-2670                   0000000000000002670300000000002               012670      27011200000000700000000000012N170112120000000000002330000000000000000000000000000000000000000000000100097117633620   PAULO HENRIQUE BIASUZ DINIZ          Rua João Adolfo,118-14°andar                        01050020                                                            000006
1                   000902692011248461-2671                   0000000000000002671100000000002               012671      27011200000000060000000000012N170112120000000000000200000000000000000000000000000000000000000000000205888414000112CREAÇÕES MX FASHION LIMITADA            Rua Aimorés,210                                     01122010                                                            000007
1                   000902692011248461-2672                   0000000000000002672P00000000002               012672      01021200000000154000000000012N170112120000000000000510000000000000000000000000000000000000000000000270940994000101PANDURATA ALIMENTOS LTDA.               Rua Fritz Reimann,628-3º andar                      07044020                                                            000008
1                   000902692011248461-2673                   0000000000000002673800000000002               012673      27011200000000246000000000012N170112120000000000000820000000000000000000000000000000000000000000000200360305159723104 Caixa Econômica Federal             Rua Teodoro Sampaio, ,429                           05405000                                                            000009
1                   000902692011248461-2674                   0000000000000002674600000000002               012674      27011200000000040000000000012N170112120000000000000130000000000000000000000000000000000000000000000208014311000111MARAGNO ADVOGADOS                       Rua Dona Antonia de Queirós ,549-Conjs.             01307014                                                            000010
1                   000902692011248461-2639                   0000000000000002639800000000002               022639      16011200000010000000000000012N110112000000000000000000000000000000000000000000000000000000000000000100007677272746LUIS FELIPE CORREA                      RUA SILVA JARDIM, 310                               25615203                                                            000011
1                   000902692011248461-2573                   0000000000000002573100000000002               062573      19011200000000463930000000012N030112000000000000010000000000000000000000000000000000000000000000000111144435000126M&Z Documentos Cartorários Ltda         R. da Assembléia,10-Lj. Subsl. 112                  20011000Protesto após 5 dias                                        000012
1                   000902692011248461-2573                   0000000000000002573100000000002               312573      19011200000000463930000000012N030112000000000000010000000000000000000000000000000000000000000000000111144435000126M&Z Documentos Cartorários Ltda         R. da Assembléia,10-Lj. Subsl. 112                  20011000Protesto após 5 dias                                        000013
1                   000902692011248461-2645                   0000000000000002645200000000002               062645      30011200000000252000000000012N120112120000000000010000000000000000000000000000000000000000000000000233479023000180BANCO CITIBANK SA                       Avenida Paulista, , 2º andar,1.111                  01311920                                                            000014
1                   000902692011248461-2494                   0000000000000002494800000000002               312494      27011200000000200000000000012N201211120000000000010000000000000000000000000000000000000000000000000233479023000180BANCO CITIBANK S.A                      Avenida Paulista,,1.111-2º andar                    01311920                                                            000015
9                                                                                                                                                                                                                                                                                                                                                                                                         000016