01REMESSA01COBRANCA       00000000000004130991SISTEMA DE CARTóRIO CERTIDõES 237BRADESCO       170311        MX0000332                                                                                                                                                                                                                                                                                     000001
1                   000902692011248461-216                    0000000000000000216200000000002               01216       25031100000000170000000000012N150311000000000000010000000000000000000000000000000000000000000000000208351432000159LIBRO COMPANHIA SECURITIZADORA DE CREDITAvenida Paulista,1499 – 19º. Andar ,1499            01311200                                                            000002
1                   000902692011248461-217                    0000000000000000217000000000002               01217       25031100000000132000000000012N150311000000000000010000000000000000000000000000000000000000000000000100033113114853BENEDITO ALVES FERREIRA                 Rua Barão de Santo Ângelo,116                       02842000                                                            000003
1                   000902692011248461-218                    0000000000000000218900000000002               01218       25031100000000060000000000012N150311000000000000010000000000000000000000000000000000000000000000000100003851165861VIRGINIA DOS SANTOS AGUIAR              Rua Caiçara,439-CS 02  FUNDOS                       06824140                                                            000004
1                   000902692011248461-219                    0000000000000000219700000000002               01219       26031100000000200000000000012N160311000000000000010000000000000000000000000000000000000000000000000200360305025441104 Caixa Econômica Federal             Rua Joaquim Floriano ,446                           04534002                                                            000005
1                   000902692011248461-220                    0000000000000000220000000000002               01220       26031100000000050000000000012N160311000000000000010000000000000000000000000000000000000000000000000260746948150270237 Banco Bradesco S.A.                 Avenida Santos Dumont,230                           07220000                                                            000006
1                   000902692011248461-221                    0000000000000000221900000000002               01221       26031100000000357900000000012N160311000000000000010000000000000000000000000000000000000000000000000200360305292059104 Caixa Econômica Federal             Avenida dos Autonomistas ,197                       06020000                                                            000007
1                   000902692011248461-222                    0000000000000000222700000000002               01222       26031100000000120000000000012N160311000000000000010000000000000000000000000000000000000000000000000203586507000167J. A. Rezende Advogados Associados      Rua: Libero Badaró, ,471-17° ANDAR                  01009903                                                            000008
1                   000902692011248461-223                    0000000000000000223500000000002               01223       26031100000000078200000000012N160311000000000000010000000000000000000000000000000000000000000000000208351432000159LIBRO COMPANHIA SECURITIZADORA DE CREDITAvenida Paulista,1499 – 19º. Andar ,1499            01311200                                                            000009
1                   000902692011248461-224                    0000000000000000224300000000002               01224       26031100000000200000000000012N160311000000000000010000000000000000000000000000000000000000000000000200360305025441104 Caixa Econômica Federal             Rua Joaquim Floriano ,446                           04534002                                                            000010
1                   000902692011248461-225                    0000000000000000225100000000002               01225       26031100000000400000000000012N160311000000000000010000000000000000000000000000000000000000000000000209313766000109CARUANA S/A SOCIEDADE DE CRÉDITO FINAN. AV. NAÇÕES UNIDAS,11541 - 11AND. , CJ112            04578000                                                            000011
1                   000902692011248461-226                    0000000000000000226P00000000002               01226       26031100000000156400000000012N160311000000000000010000000000000000000000000000000000000000000000000208351432000159LIBRO COMPANHIA SECURITIZADORA DE CREDITAvenida Paulista,1499 – 19º. Andar ,1499            01311200                                                            000012
1                   000902692011248461-227                    0000000000000000227800000000002               01227       26031100000000116000000000012N160311000000000000010000000000000000000000000000000000000000000000000200360305292644104 Caixa Econômica Federal             Rua Olimpíadas,205                                  04551000                                                            000013
1                   000902692011248461-228                    0000000000000000228600000000002               01228       26031100000000220000000000012N160311000000000000010000000000000000000000000000000000000000000000000203586507000167J. A. Rezende Advogados Associados      Rua: Libero Badaró, ,471-17° Andar                  01009903                                                            000014
1                   000902692011248461-229                    0000000000000000229400000000002               01229       26031100000000200000000000012N160311000000000000010000000000000000000000000000000000000000000000000203586507000167J. A. Rezende Advogados Associados      Rua: Libero Badaró, ,471-17° Andar                  01009903                                                            000015
1                   000902692011248461-230                    0000000000000000230800000000002               01230       26031100000000390000000000012N160311000000000000010000000000000000000000000000000000000000000000000208351432000159LIBRO COMPANHIA SECURITIZADORA DE CREDITAvenida Paulista,1499 – 19º. Andar ,1499            01311200                                                            000016
1                   000902692011248461-231                    0000000000000000231600000000002               01231       26031100000000148400000000012N160311000000000000010000000000000000000000000000000000000000000000000203723171000137E Cunha Consultoria Empresarial Ltda.   Rua Nova York ,959-conj. 52                         04560002                                                            000017
1                   000902692011248461-232                    0000000000000000232400000000002               01232       26031100000000654000000000012N160311000000000000010000000000000000000000000000000000000000000000000205032035000126Recovery do Brasil Consultoria Ltda     Avenida Paulista,1499 – 19º. Andar ,1499            01311200                                                            000018
1                   000902692011248461-233                    0000000000000000233200000000002               01233       26031100000000340000000000012N160311000000000000010000000000000000000000000000000000000000000000000208351432000159LIBRO COMPANHIA SECURITIZADORA DE CREDITAvenida Paulista,1499 – 19º. Andar ,1499            01311200                                                            000019
1                   000902692011248461-234                    0000000000000000234000000000002               01234       26031100000002409750000000012N160311000000000000010000000000000000000000000000000000000000000000000203723171000137E Cunha Consultoria Empresarial Ltda.   Rua Nova York ,959-conj. 52                         04560002                                                            000020
1                   000902692011248461-235                    0000000000000000235900000000002               01235       26031100000000176000000000012N160311000000000000010000000000000000000000000000000000000000000000000100069687200863MARIA DE LOURDES DO NASCIMENTO DIAS     Rua Osvaldo Pires da Silva,116                      05813070                                                            000021
1                   000902692011248461-236                    0000000000000000236700000000002               01236       26031100000000085600000000012N1603110000000000000100000000000000000000000000000000000000000000000002000000005262071 Banco do Brasil S.A.                  Rua São Silvestre,450                               04255080                                                            000022
1                   000902692011248461-121                    0000000000000000121200000000002               06121       16031100000000107420000000012N010311000000000000010000000000000000000000000000000000000000000000000111222886000134ELIDA ASSESSORIA EMPRESARIAL LTDA       R. Neo Alves Martins,2955-Sala 03                   87013060Protesto após 5 dias                                        000023
1                   000902692011248461-98                     0000000000000000098400000000002               0298        08031100000000032580000000012N010311000000000000010000000000000000000000000000000000000000000000000111838860000115M.L. CARDOSO - PRESTAÇÃO DE SERVIÇOS - ERua Luiz Pereira Barreto,304                        16010320Protesto após 5 dias                                        000024
9                                                                                                                                                                                                                                                                                                                                                                                                         000025