01REMESSA01COBRANCA       00000000000004130991SISTEMA DE CARTóRIO CERTIDõES 237BRADESCO       170811        MX0000424                                                                                                                                                                                                                                                                                     000001
1                   000902692011248461-1398                   0000000000000001398900000000002               011398      29081100000000220000000000012N170811120000000000000730000000000000000000000000000000000000000000000200360305267887104 Caixa Econômica Federal             Rua São Joaquim ,69-5º andar                        01508001                                                            000002
1                   000902692011248461-1399                   0000000000000001399700000000002               011399      29081100000000152000000000012N170811120000000000000510000000000000000000000000000000000000000000000253283180000122Tesheiner Cavassani e Giacomazi AdvogadoRua João Adolfo,118-Conj. 405                       01050020                                                            000003
1                   000902692011248461-1400                   0000000000000001400400000000002               011400      29081100000000132000000000012N170811120000000000000440000000000000000000000000000000000000000000000100024580950895JOSIMEIRE DA SILVA                      R; DON JOÃO MARIA OGNO,603                          03035050                                                            000004
1                   000902692011248461-1401                   0000000000000001401200000000002               011401      29081100000000132000000000012N170811120000000000000440000000000000000000000000000000000000000000000100068992394853JOEL HENRIQUE MORENO                    Rua Araguari,85-COHAB 5                             06327130                                                            000005
1                   000902692011248461-1402                   0000000000000001402000000000002               011402      29081100000000179000000000012N170811120000000000000600000000000000000000000000000000000000000000000100015449797893NEUNICE BISPO DOS SANTOS                Alameda Santos,2081-2 andar ap 23                   01419002                                                            000006
1                   000902692011248461-1403                   0000000000000001403900000000002               011403      29081100000000029000000000012N170811120000000000000100000000000000000000000000000000000000000000000202263522000101CIENCIA E NATUREZA COMERCIO DE PRODUTOS Rua General Manoel de Azambuja Brilhante            06213040                                                            000007
1                   000902692011248461-1404                   0000000000000001404700000000002               011404      29081100000000496000000000012N170811120000000000001650000000000000000000000000000000000000000000000270940994000101PANDURATA ALIMENTOS LTDA.               Rua Fritz Reimann,628                               07044020                                                            000008
1                   000902692011248461-1405                   0000000000000001405500000000002               011405      27081100000000285600000000012N170811120000000000000950000000000000000000000000000000000000000000000200360305181656104 Caixa Econômica Federal             Avenida Santo Amaro ,7237                           04701200                                                            000009
1                   000902692011248461-1406                   0000000000000001406300000000002               011406      29081100000000044000000000012N170811120000000000000150000000000000000000000000000000000000000000000251181287000134Extinpaul Equipamentos Contra Incêndio LRua Campista,88                                     02314080                                                            000010
1                   000902692011248461-1407                   0000000000000001407100000000002               011407      29081100000000320000000000012N170811120000000000001070000000000000000000000000000000000000000000000207523097000166BERNARDI&SCHNAPP ADVOGADOS              Bela Cintra, ,1149-12º andar                        14150001                                                            000011
1                   000902692011248461-1145                   0000000000000001145500000000002               021145      25071100000000368860000000012N1507111200000000000100000000000000000000000000000000000000000000000002000000005285011 Banco do Brasil S.A.                  Avenida Deputado Emílio Carlos,1833                 02721100                                                            000012
1                   000902692011248461-1201                   0000000000000001201P00000000002               021201      04081100000000040000000000012N250711120000000000010000000000000000000000000000000000000000000000000200360305289937104 Caixa Econômica Federal             Avenida Brigadeiro Luís Antônio ,580                01318000                                                            000013
9                                                                                                                                                                                                                                                                                                                                                                                                         000014