01REMESSA01COBRANCA       00000000000004130991SISTEMA DE CARTóRIO CERTIDõES 237BRADESCO       170412        MX0000522                                                                                                                                                                                                                                                                                     000001
1                   000902692011248461-3436                   0000000000000003436600000000002               013436      21041200000000086000000000012N1104121200000000000002900000000000000000000000000000000000000000000002000000000712931 Banco do Brasil S.A.                  Avenida Paulista,2163-1º andar                      01311933                                                            000002
1                   000902692011248461-3437                   0000000000000003437400000000002               013437      16041200000003000000000000012N110412000000000000000000000000000000000000000000000000000000000000000100051341328015Tiago Escher de Borba                   Rua Tito Livio Zambercari,515                       90450321                                                            000003
1                   000902692011248461-3438                   0000000000000003438200000000002               013438      16051200000003000000000000012N110412000000000000000000000000000000000000000000000000000000000000000100051341328015Tiago Escher de Borba                   Rua Tito Livio Zambercari,515                       90450321                                                            000004
1                   000902692011248461-3439                   0000000000000003439000000000002               013439      16061200000003000000000000012N110412000000000000000000000000000000000000000000000000000000000000000100051341328015Tiago Escher de Borba                   Rua Tito Livio Zambercari,515                       90450321                                                            000005
1                   000902692011248461-3440                   0000000000000003440400000000002               013440      16071200000003000000000000012N110412000000000000000000000000000000000000000000000000000000000000000100051341328015Tiago Escher de Borba                   Rua Tito Livio Zambercari,515                       90450321                                                            000006
1                   000902692011248461-3441                   0000000000000003441200000000002               013441      21041200000000184000000000012N110412120000000000000610000000000000000000000000000000000000000000000217184037010506389 Banco Mercantil do Brasil S.A.      Avenida Paulista ,923                               01311100                                                            000007
1                   000902692011248461-3442                   0000000000000003442000000000002               013442      25041200000000154000000000012N110412120000000000000510000000000000000000000000000000000000000000000270940994000101PANDURATA ALIMENTOS LTDA.               Rua Fritz Reimann,628-3º andar                      07044020                                                            000008
1                   000902692011248461-3443                   0000000000000003443900000000002               013443      22041200000000162420000000012N110412120000000000000540000000000000000000000000000000000000000000000100017683448842LUIS MARTINS NETTO                      Rua Barão de Ladário,670-Sl. 404                    03010000                                                            000009
1                   000902692011248461-3444                   0000000000000003444700000000002               013444      21041200000000585000000000012N110412120000000000001950000000000000000000000000000000000000000000000200360305286245104 Caixa Econômica Federal             Avenida Engenheiro Luiz Carlos Berrini,5            04571000                                                            000010
1                   000902692011248461-3445                   0000000000000003445500000000002               013445      21041200000000195000000000012N110412120000000000000650000000000000000000000000000000000000000000000200360305413530104 Caixa Econômica Federal             Avenida de Pinedo ,228                              04764000                                                            000011
1                   000902692011248461-3446                   0000000000000003446300000000002               013446      21041200000000040250000000012N110412120000000000000130000000000000000000000000000000000000000000000210377191000169ACM ASSESSORIA CONTABIL LTDA            Avenida Capitão Mário Toledo de Camargo,            09170150                                                            000012
1                   000902692011248461-3447                   0000000000000003447100000000002               013447      20041200000009000000000000012N110412000000000000000000000000000000000000000000000000000000000000000100024559520291ROGERIO ALENCAR RAMOS                   Rua S-5, 440 – Apto. 1402                           74823460Edifício Beneville                                          000013
1                   000902692011248461-3448                   0000000000000003448P00000000002               013448      17041200000022500000000000012N110412000000000000000000000000000000000000000000000000000000000000000100017405125883WALTER SHUJI KISHI                       Avenida Presidente Getulio Vargas, 2.21            45996000Apto. 104                                                   000014
1                   000902692011248461-3449                   0000000000000003449800000000002               013449      01061200000022500000000000012N110412000000000000000000000000000000000000000000000000000000000000000100017405125883WALTER SHUJI KISHI                      Avenida Presidente Getulio Vargas, 2.214            45996000Apto. 104                                                   000015
1                   000902692011248461-3450                   0000000000000003450100000000002               013450      16041200000020000000000000012N110412000000000000000000000000000000000000000000000000000000000000000100026653014827JULIANA GANIMI                          Alameda Madri, 125 – Apto. 32                       69915797                                                            000016
1                   000902692011248461-3451                   0000000000000003451P00000000002               013451      30051200000020000000000000012N110412000000000000000000000000000000000000000000000000000000000000000100026653014827JULIANA GANIMI                          Alameda Madri, 125 – Apto. 32                       69915797                                                            000017
1                   000902692011248461-3452                   0000000000000003452800000000002               013452      22041200000000040250000000012N120412120000000000000130000000000000000000000000000000000000000000000210377191000169ACM ASSESSORIA CONTABIL LTDA            Avenida Capitão Mário Toledo de Camargo,            09170150                                                            000018
1                   000902692011248461-3465                   0000000000000003465P00000000002               013465      27041200000000367540000000012N160412120000000000001230000000000000000000000000000000000000000000000253283180000122Tesheiner Cavassani e Giacomazi AdvogadoRua João Adolfo,118-Conj. 405                       01050020                                                            000019
1                   000902692011248461-3454                   0000000000000003454400000000002               013454      22041200000000040250000000012N120412120000000000000130000000000000000000000000000000000000000000000210377191000169ACM ASSESSORIA CONTABIL LTDA            Avenida Capitão Mário Toledo de Camargo,            09170150                                                            000020
1                   000902692011248461-3455                   0000000000000003455200000000002               013455      14051200000004870660000000012N120412000000000000000000000000000000000000000000000000000000000000000211425891000144MHG SERVIÇOS ADM EMPRESAS LTDA          R. T 55, 156 Quadra H 23 - Lote 01                  74150320                                                            000021
1                   000902692011248461-3456                   0000000000000003456000000000002               013456      23041200000000200000000000012N130412120000000000000670000000000000000000000000000000000000000000000205341148000103FUSÃO SOLUÇÕES PARA MEDICINA LTDA       Rua Funchal,538-CJ 115                              04551060                                                            000022
1                   000902692011248461-3457                   0000000000000003457900000000002               013457      17041200000039000000000000012N130412000000000000000000000000000000000000000000000000000000000000000100036371237896MARCO ANTONIO BULL                      Rua 3, 2391                                         13500163                                                            000023
1                   000902692011248461-3458                   0000000000000003458700000000002               013458      23041200000000140000000000012N130412120000000000000470000000000000000000000000000000000000000000000262232889000190Banco Daycoval S/A                      Avenida Paulista ,1793-02º Andar                    01311200                                                            000024
1                   000902692011248461-3459                   0000000000000003459500000000002               013459      23041200000000390000000000012N130412120000000000001300000000000000000000000000000000000000000000000200360305414189104 Caixa Econômica Federal             Praça Charles Miller,16                             01234100                                                            000025
1                   000902692011248461-3460                   0000000000000003460900000000002               013460      23041200000000195000000000012N130412120000000000000650000000000000000000000000000000000000000000000200360305122137104 Caixa Econômica Federal             AV: Professor Francisco Morato,1415,1415            05513100                                                            000026
1                   000902692011248461-3461                   0000000000000003461700000000002               013461      26041200000000296000000000012N160412120000000000000990000000000000000000000000000000000000000000000100017683448842LUIS MARTINS NETTO                      Rua Barão de Ladário,670-Sl. 404                    03010000                                                            000027
1                   000902692011248461-3462                   0000000000000003462500000000002               013462      26041200000000397250000000012N160412120000000000001320000000000000000000000000000000000000000000000253283180000122Tesheiner Cavassani e Giacomazi AdvogadoRua João Adolfo,118-Conj. 405                       01050020                                                            000028
1                   000902692011248461-3463                   0000000000000003463300000000002               013463      20041200000020000000000000012N160412000000000000000000000000000000000000000000000000000000000000000100026861864889RODRIGO ANDRADES  DE PINHO              R Eugene Carriere, 30 Apto.115 – Bl 4               05541100                                                            000029
1                   000902692011248461-3464                   0000000000000003464100000000002               013464      20051200000020000000000000012N160412000000000000000000000000000000000000000000000000000000000000000100026861864889RODRIGO ANDRADES  DE PINHO              Rua Eugene Carriere,30 Apto. 115  Bl 4              05541100                                                            000030
1                   000902692011248461-3466                   0000000000000003466800000000002               013466      26041200000000530000000000012N160412120000000000001770000000000000000000000000000000000000000000000253283180000122Tesheiner Cavassani e Giacomazi AdvogadoRua João Adolfo,118-Conj. 405                       01050020                                                            000031
1                   000902692011248461-3467                   0000000000000003467600000000002               013467      30041200000000642140000000012N160412120000000000002140000000000000000000000000000000000000000000000253283180000122Tesheiner Cavassani e Giacomazi AdvogadoRua João Adolfo,118-Conj. 405                       01050020                                                            000032
1                   000902692011248461-3468                   0000000000000003468400000000002               013468      02051200000000360380000000012N160412120000000000001200000000000000000000000000000000000000000000000253283180000122Tesheiner Cavassani e Giacomazi AdvogadoRua João Adolfo,118-Conj. 405                       01050020                                                            000033
1                   000902692011248461-3469                   0000000000000003469200000000002               013469      03051200000000308900000000012N160412120000000000001030000000000000000000000000000000000000000000000253283180000122Tesheiner Cavassani e Giacomazi AdvogadoRua João Adolfo,118-Conj. 405                       01050020                                                            000034
1                   000902692011248461-3470                   0000000000000003470600000000002               013470      27041200000000475590000000012N160412120000000000001590000000000000000000000000000000000000000000000253283180000122Tesheiner Cavassani e Giacomazi AdvogadoRua João Adolfo,118-Conj. 405                       01050020                                                            000035
1                   000902692011248461-3471                   0000000000000003471400000000002               013471      02051200000002000000000000012N170412000000000000000000000000000000000000000000000000000000000000000100051959143700CARLOS ALBERTO ROCHA DE MELO            Av. Prefeito José Guimarães, 291 – Casa             28940000                                                            000036
1                   000902692011248461-3209                   0000000000000003209600000000002               063209      18041200000004000000000000012N190312000000000000000000000000000000000000000000000000000000000000000100064925285149ANA KARINA LOPES BARBOSA                Rua 255, nº 935 – Quadra 02 – Lote 117              74533150                                                            000037
1                   000902692011248461-3209                   0000000000000003209600000000002               313209      18041200000004000000000000012N190312000000000000000000000000000000000000000000000000000000000000000100064925285149ANA KARINA LOPES BARBOSA                Rua 255, nº 935 – Quadra 02 – Lote 117              74533150                                                            000038
1                   000902692011248461-3161                   0000000000000003161800000000002               063161      19041200000006000000000000012N080312000000000000000000000000000000000000000000000000000000000000000213406670000154RODRIGUES E VIEIRA LTDA.                Q 208 Sul – Av. LO 03 – Lote 11                     77020542Sala 02 – Edificio Vitoria                                  000039
1                   000902692011248461-2449                   0000000000000002449200000000002               022449      20031200000020000000000000012N131211000000000000000000000000000000000000000000000000000000000000000100027402860582MARCIO LARA MEDRADO                     RUA BELA VISTA DO GOIAS, 18 CASA 01                 44082080                                                            000040
9                                                                                                                                                                                                                                                                                                                                                                                                         000041