01REMESSA01COBRANCA       00000000000004130991SISTEMA DE CARTóRIO CERTIDõES 237BRADESCO       171011        MX0000455                                                                                                                                                                                                                                                                                     000001
1                   000902692011248461-1941                   0000000000000001941300000000002               011941      14101100000001500000000000012N131011000000000000000000000000000000000000000000000000000000000000000201717986000188LEARNING CENTER CULTURAL E COMERCIAL LTDAV. DAS AMERICAS, 1208                              22793082                                                            000002
1                   000902692011248461-1942                   0000000000000001942100000000002               011942      16101100000000367280000000012N131011000000000000001220000000000000000000000000000000000000000000000113358931000108RAFAELA FALCATO DE OLIVEIRA EPP         R. Dr. Antônio Alvares Lobo,226                     13020110Protesto após 5 dias                                        000003
1                   000902692011248461-1943                   0000000000000001943P00000000002               011943      24101100000000040250000000012N131011120000000000000130000000000000000000000000000000000000000000000202263522000101CIENCIA E NATUREZA COMERCIO DE PRODUTOS Rua Pensilvânia ,442                                04564001                                                            000004
1                   000902692011248461-1944                   0000000000000001944800000000002               011944      24101100000000174000000000012N131011120000000000000580000000000000000000000000000000000000000000000203723171000137E Cunha Consultoria Empresarial Ltda.   Rua Nova York ,959                                  04560002                                                            000005
1                   000902692011248461-1945                   0000000000000001945600000000002               011945      31101100000001384910000000012N131011120000000000004620000000000000000000000000000000000000000000000233479023000180CITIBANK RISK MANAGEMENT                Avenida Paulista, nº 1.111, 2º andar,1.1            01311920                                                            000006
1                   000902692011248461-1946                   0000000000000001946400000000002               011946      24101100000001140900000000012N131011120000000000003800000000000000000000000000000000000000000000000260746948050721237 Banco Bradesco S.A.                 Rua Antônio de Barros,356                           03089000                                                            000007
1                   000902692011248461-1947                   0000000000000001947200000000002               011947      24101100000001080000000000012N131011120000000000003600000000000000000000000000000000000000000000000262232889000190Banco Daycoval S/A                      Avenida Paulista ,1793-02º Andar                    01311200                                                            000008
1                   000902692011248461-1948                   0000000000000001948000000000002               011948      24101100000000840000000000012N141011120000000000002800000000000000000000000000000000000000000000000262232889000190Banco Daycoval S/A                      Avenida Paulista ,1793-02º Andar                    01311200                                                            000009
1                   000902692011248461-1949                   0000000000000001949900000000002               011949      24101100000000156000000000012N141011120000000000000520000000000000000000000000000000000000000000000200360305267887104 Caixa Econômica Federal             Rua São Joaquim ,69-5º andar                        01508001                                                            000010
1                   000902692011248461-1950                   0000000000000001950200000000002               011950      24101100000000345000000000012N141011120000000000001150000000000000000000000000000000000000000000000203723171000137E Cunha Consultoria Empresarial Ltda.   Rua Nova York ,959                                  04560002                                                            000011
1                   000902692011248461-1951                   0000000000000001951000000000002               011951      27101100000000028750000000012N171011120000000000000100000000000000000000000000000000000000000000000251181287000134Extinpaul Equipamentos Contra Incêndio LRua Campista,88                                     02314080                                                            000012
1                   000902692011248461-1952                   0000000000000001952900000000002               011952      27101100000000370850000000012N171011120000000000001240000000000000000000000000000000000000000000000253283180000122Tesheiner Cavassani e Giacomazi AdvogadoRua João Adolfo,118-Conj. 405                       01050020                                                            000013
1                   000902692011248461-1953                   0000000000000001953700000000002               011953      27101100000001550480000000012N171011120000000000005170000000000000000000000000000000000000000000000253283180000122Tesheiner Cavassani e Giacomazi AdvogadoRua João Adolfo,118-Conj. 405                       01050020                                                            000014
1                   000902692011248461-1954                   0000000000000001954500000000002               011954      27101100000000420000000000012N171011120000000000001400000000000000000000000000000000000000000000000262232889000190Banco Daycoval S/A                      Avenida Paulista ,1793-02º Andar                    01311200                                                            000015
1                   000902692011248461-1929                   0000000000000001929400000000002               061929      26101100000000154000000000012N111011120000000000010000000000000000000000000000000000000000000000000270940994000101PANDURATA ALIMENTOS LTDA.               Rua Fritz Reimann,628-3º andar                      07044020                                                            000016
1                   000902692011248461-1912                   0000000000000001912P00000000002               061912      26101100000001441060000000012N111011120000000000010000000000000000000000000000000000000000000000000270940994000101PANDURATA ALIMENTOS LTDA.               Rua Fritz Reimann,628-3º andar                      07044020                                                            000017
9                                                                                                                                                                                                                                                                                                                                                                                                         000018