01REMESSA01COBRANCA       00000000000004130991SISTEMA DE CARTóRIO CERTIDõES 237BRADESCO       170511        MX0000365                                                                                                                                                                                                                                                                                     000001
1                   000902692011248461-712                    0000000000000000712100000000002               01712       26051100000000059000000000012N160511000000000000000200000000000000000000000000000000000000000000000210377191000169ACM  Legalizações Empresariais Ltda. - MAvenida Capitão Mário Toledo de Camargo,            09170150                                                            000002
1                   000902692011248461-713                    0000000000000000713P00000000002               01713       26051100000000029000000000012N160511000000000000000100000000000000000000000000000000000000000000000210377191000169ACM  Legalizações Empresariais Ltda. - MAvenida Capitão Mário Toledo de Camargo,            09170150                                                            000003
1                   000902692011248461-714                    0000000000000000714800000000002               01714       26051100000000058000000000012N160511000000000000000190000000000000000000000000000000000000000000000210377191000169ACM  Legalizações Empresariais Ltda. - MAvenida Capitão Mário Toledo de Camargo,            09170150                                                            000004
1                   000902692011248461-715                    0000000000000000715600000000002               01715       26051100000000030000000000012N160511000000000000000100000000000000000000000000000000000000000000000201190978000126ITALIA COMERCIAL TEXTIL LTDA ME         Rua Almirante Barroso,308                           03025000                                                            000005
1                   000902692011248461-716                    0000000000000000716400000000002               01716       26051100000000170000000000012N160511000000000000000570000000000000000000000000000000000000000000000200360305135700104 Caixa Econômica Federal             Avenida Guarda Mor Lobo Viana,421                   11600000                                                            000006
1                   000902692011248461-717                    0000000000000000717200000000002               01717       26051100000000100000000000012N160511000000000000000330000000000000000000000000000000000000000000000200360305024550104 Caixa Econômica Federal             Avenida Doutor Gastão Vidigal,,1437                 05314000                                                            000007
1                   000902692011248461-718                    0000000000000000718000000000002               01718       26051100000000340000000000012N160511000000000000001130000000000000000000000000000000000000000000000233479023000180CITIBANK RISK MANAGEMENT                Avenida Paulista,1.111-2º andar                     01311920                                                            000008
1                   000902692011248461-585                    0000000000000000585400000000002               06585       17051100000000079300000000012N020511000000000000010000000000000000000000000000000000000000000000000200360305267887104 Caixa Econômica Federal             Rua São Joaquim ,69-5º andar                        01508001                                                            000009
1                   000902692011248461-662                    0000000000000000662100000000002               06662       19051100000000420600000000012N060511000000000000010000000000000000000000000000000000000000000000000200360305267887104 Caixa Econômica Federal             Rua São Joaquim ,69-5º andar                        01508001                                                            000010
1                   000902692011248461-545                    0000000000000000545500000000002               02545       06051100000000119000000000012N260411000000000000010000000000000000000000000000000000000000000000000260701190070811341 Banco Itaú S.A.                     Avenida General Ataliba Leonel,3055                 02242001                                                            000011
1                   000902692011248461-662                    0000000000000000662100000000002               31662       19051100000000420600000000012N060511000000000000010000000000000000000000000000000000000000000000000200360305267887104 Caixa Econômica Federal             Rua São Joaquim ,69-5º andar                        01508001                                                            000012
1                   000902692011248461-645                    0000000000000000645100000000002               06645       17051100000000150000000000012N040511060500000000000000000000000000000000000000000000000000000000000203512293000184Fitta Distribuidora de Titulos e ValoresRua Jose Augusto Penteado, 92                       01257010                                                            000013
1                   000902692011248461-667                    0000000000000000667200000000002               02667       16051100000000106000000000012N060511000000000000010000000000000000000000000000000000000000000000000100094759243887BETTY ROSE KURC                         Rua Correia de Melo,44                              01123020                                                            000014
9                                                                                                                                                                                                                                                                                                                                                                                                         000015