01REMESSA01COBRANCA       00000000000004130991SISTEMA DE CARTóRIO CERTIDõES 237BRADESCO       171111        MX0000470                                                                                                                                                                                                                                                                                     000001
1                   000902692011248461-2203                   0000000000000002203100000000002               012203      28111100000000152000000000012N161111120000000000000510000000000000000000000000000000000000000000000203723171000137E Cunha Consultoria Empresarial Ltda.   Rua Nova York ,959                                  04560002                                                            000002
1                   000902692011248461-2190                   0000000000000002190600000000002               012190      28111100000000231800000000012N161111120000000000000770000000000000000000000000000000000000000000000253283180000122Tesheiner Cavassani e Giacomazi AdvogadoRua João Adolfo,118-Conj. 405                       01050020                                                            000003
1                   000902692011248461-2191                   0000000000000002191400000000002               012191      28111100000000360770000000012N161111120000000000001200000000000000000000000000000000000000000000000253283180000122Tesheiner Cavassani e Giacomazi AdvogadoRua João Adolfo,118-Conj. 405                       01050020                                                            000004
1                   000902692011248461-2192                   0000000000000002192200000000002               012192      28111100000000352680000000012N161111120000000000001180000000000000000000000000000000000000000000000253283180000122Tesheiner Cavassani e Giacomazi AdvogadoRua João Adolfo,118-Conj. 405                       01050020                                                            000005
1                   000902692011248461-2193                   0000000000000002193000000000002               012193      28111100000000389530000000012N161111120000000000001300000000000000000000000000000000000000000000000253283180000122Tesheiner Cavassani e Giacomazi AdvogadoRua João Adolfo,118-Conj. 405                       01050020                                                            000006
1                   000902692011248461-2194                   0000000000000002194900000000002               012194      28111100000000616150000000012N161111120000000000002050000000000000000000000000000000000000000000000253283180000122Tesheiner Cavassani e Giacomazi AdvogadoRua João Adolfo,118-Conj. 405                       01050020                                                            000007
1                   000902692011248461-2195                   0000000000000002195700000000002               012195      28111100000000319170000000012N161111120000000000001060000000000000000000000000000000000000000000000253283180000122Tesheiner Cavassani e Giacomazi AdvogadoRua João Adolfo,118-Conj. 405                       01050020                                                            000008
1                   000902692011248461-2196                   0000000000000002196500000000002               012196      28111100000000365510000000012N161111120000000000001220000000000000000000000000000000000000000000000253283180000122Tesheiner Cavassani e Giacomazi AdvogadoRua João Adolfo,118-Conj. 405                       01050020                                                            000009
1                   000902692011248461-2197                   0000000000000002197300000000002               012197      26111100000000460980000000012N161111000000000000000000000000000000000000000000000000000000000000000214130979000127FORMA LEGAL INTERMEDIACAO CARTORARIA LTDRua Venancio Ayres, 459                             18200013                                                            000010
1                   000902692011248461-2198                   0000000000000002198100000000002               012198      26111100000000493750000000012N161111000000000000000000000000000000000000000000000000000000000000000214272122000141F2G ATIVIDADES DE INFORMACOES CADASTRAISRua Dr. Moraes, 565                                 66035080                                                            000011
1                   000902692011248461-2199                   0000000000000002199P00000000002               012199      26111100000000500000000000012N161111000000000000000000000000000000000000000000000000000000000000000213969109000183CAVALCANTE & CRUZ INTERMEDIACAO CARTORARAv. Getulio Vargas, 139                             58400052                                                            000012
1                   000902692011248461-2200                   0000000000000002200700000000002               012200      26111100000000500000000000012N161111000000000000000000000000000000000000000000000000000000000000000213845551000106MACEDO & MELO INTERMEDIACOES CARTORARIASRua David Caldas, 564-B                             64000190                                                            000013
1                   000902692011248461-2201                   0000000000000002201500000000002               012201      26111100000000491000000000012N161111000000000000000000000000000000000000000000000000000000000000000214140265000108JGMC SERVICOS ESPECIALIZADOS DE APOIO ADAvenida Nossa Senhora do Sabará, 1348               04686001                                                            000014
1                   000902692011248461-2202                   0000000000000002202300000000002               012202      28111100000000440000000000012N1611111200000000000014700000000000000000000000000000000000000000000002000000006689311 Banco do Brasil S.A.                  Avenida Nazaré ,595                                 04263000                                                            000015
1                   000902692011248461-2204                   0000000000000002204P00000000002               012204      28111100000000522000000000012N161111120000000000001740000000000000000000000000000000000000000000000203723171000137E Cunha Consultoria Empresarial Ltda.   Rua Nova York ,959                                  04560002                                                            000016
1                   000902692011248461-2205                   0000000000000002205800000000002               012205      28111100000000122000000000012N161111120000000000000410000000000000000000000000000000000000000000000100027657813890Eduardo Haruo Vilar Sakaguti            Rua Lira Cearense,190-Cananeia  apt 21              05763450                                                            000017
1                   000902692011248461-2206                   0000000000000002206600000000002               012206      28111100000000200000000000012N161111120000000000000670000000000000000000000000000000000000000000000210732210000128Almeida Tavares Sanches e Silva         Alameda Santos ,2335-6º andar                       01419002                                                            000018
1                   000902692011248461-2207                   0000000000000002207400000000002               012207      28111100000000340000000000012N161111120000000000001130000000000000000000000000000000000000000000000209624793000194BIANCHINI SOCIEDADE DE ADVOGADOS        Avenida Pedroso de Morais,2315                      05419001                                                            000019
1                   000902692011248461-2208                   0000000000000002208200000000002               012208      28111100000000168000000000012N16111112000000000000056000000000000000000000000000000000000000000000029270206701422741 Banco do Estado do Rio Grande do Sul Avenida: Paulista,2.381                             01311300                                                            000020
1                   000902692011248461-2209                   0000000000000002209000000000002               012209      30111100000000514050000000012N161111120000000000001710000000000000000000000000000000000000000000000270940994000101PANDURATA ALIMENTOS LTDA.               Rua Fritz Reimann,628-3º andar                      07044020                                                            000021
1                   000902692011248461-2210                   0000000000000002210400000000002               012210      28111100000000720000000000012N161111120000000000002400000000000000000000000000000000000000000000000262232889000190Banco Daycoval S/A                      Avenida Paulista ,1793-02º Andar                    01311200                                                            000022
1                   000902692011248461-2211                   0000000000000002211200000000002               012211      28111100000000384000000000012N161111120000000000001280000000000000000000000000000000000000000000000203513451000110NERONE DO BRASIL CIA. Securitizadora de Avenida Paulista,726-Sala 1410 - 14º and            01310100                                                            000023
1                   000902692011248461-2212                   0000000000000002212000000000002               012212      28111100000000212500000000012N161111120000000000000710000000000000000000000000000000000000000000000209624793000194BIANCHINI SOCIEDADE DE ADVOGADOS        Avenida Pedroso de Morais,2315                      05419001                                                            000024
1                   000902692011248461-2213                   0000000000000002213900000000002               012213      28111100000000170000000000012N161111120000000000000570000000000000000000000000000000000000000000000209624793000194BIANCHINI SOCIEDADE DE ADVOGADOS        Avenida Pedroso de Morais,2315                      05419001                                                            000025
1                   000902692011248461-2214                   0000000000000002214700000000002               012214      28111100000000540620000000012N161111120000000000001800000000000000000000000000000000000000000000000209624793000194BIANCHINI SOCIEDADE DE ADVOGADOS        Avenida Pedroso de Morais,2315                      05419001                                                            000026
1                   000902692011248461-2215                   0000000000000002215500000000002               012215      28111100000000076000000000012N161111120000000000000250000000000000000000000000000000000000000000000212551876000105GOULART SOCIEDADE DE ADVOGADOS          Rua João Cachoeira,488-Conjunto 408/409             04535011                                                            000027
1                   000902692011248461-2216                   0000000000000002216300000000002               012216      28111100000000192000000000012N161111120000000000000640000000000000000000000000000000000000000000000203513451000110NERONE DO BRASIL CIA. Securitizadora de Avenida Paulista,726-Sala 1410 - 14º and            01310100                                                            000028
1                   000902692011248461-2217                   0000000000000002217100000000002               012217      25111100000035000000000000012N171111000000000000000000000000000000000000000000000000000000000000000100000652332552ITAMAR CLERISTON DE MACEDO E SOUZA      RUA JUVENCIO ERUDILHO, 334                          47806490                                                            000029
1                   000902692011248461-2218                   0000000000000002218P00000000002               012218      26121100000017500000000000012N171111000000000000000000000000000000000000000000000000000000000000000100000652332552ITAMAR CLERISTON DE MACEDO E SOUZA      RUA JUVENCIO ERUDILHO, 334                          47806490                                                            000030
1                   000902692011248461-2219                   0000000000000002219800000000002               012219      25011200000017500000000000012N171111000000000000000000000000000000000000000000000000000000000000000100000652332552ITAMAR CLERISTON DE MACEDO E SOUZA      RUA JUVENCIO ERUDILHO, 334                          47806490                                                            000031
1                   000902692011248461-2220                   0000000000000002220100000000002               012220      09121100000002362020000000012N171111120000000000007870000000000000000000000000000000000000000000000292894922000108BANCO MATONE (Núcleo Consignado RJ - MatAvenida Rio Branco,115-18º andar                    20040004                                                            000032
1                   000902692011248461-2221                   0000000000000002221P00000000002               012221      28111100000000257370000000012N171111120000000000000860000000000000000000000000000000000000000000000100017683448842LUIS MARTINS NETTO                      Rua Barão de Ladário,670-SL. 404                    03010000                                                            000033
1                   000902692011248461-2222                   0000000000000002222800000000002               012222      28111100000000391040000000012N171111120000000000001300000000000000000000000000000000000000000000000253283180000122Tesheiner Cavassani e Giacomazi AdvogadoRua João Adolfo,118-Conj. 405                       01050020                                                            000034
1                   000902692011248461-2223                   0000000000000002223600000000002               012223      28111100000000286840000000012N171111120000000000000960000000000000000000000000000000000000000000000253283180000122Tesheiner Cavassani e Giacomazi AdvogadoRua João Adolfo,118-Conj. 405                       01050020                                                            000035
1                   000902692011248461-2224                   0000000000000002224400000000002               012224      28111100000000150000000000012N171111120000000000000500000000000000000000000000000000000000000000000253283180000122Tesheiner Cavassani e Giacomazi AdvogadoRua João Adolfo,118-Conj. 405                       01050020                                                            000036
1                   000902692011248461-2225                   0000000000000002225200000000002               012225      28111100000000326800000000012N171111120000000000001090000000000000000000000000000000000000000000000253283180000122Tesheiner Cavassani e Giacomazi AdvogadoRua João Adolfo,118-Conj. 405                       01050020                                                            000037
1                   000902692011248461-2226                   0000000000000002226000000000002               012226      28111100000000612390000000012N171111120000000000002040000000000000000000000000000000000000000000000253283180000122Tesheiner Cavassani e Giacomazi AdvogadoRua João Adolfo,118-Conj. 405                       01050020                                                            000038
1                   000902692011248461-2227                   0000000000000002227900000000002               012227      28111100000000155000000000012N171111120000000000000520000000000000000000000000000000000000000000000100051071681400JOSEFA SALES DA SILVA                   Rua Luísa Damon,10                                  05795240                                                            000039
1                   000902692011248461-2228                   0000000000000002228700000000002               012228      28111100000000396170000000012N171111120000000000001320000000000000000000000000000000000000000000000253283180000122Tesheiner Cavassani e Giacomazi AdvogadoRua João Adolfo,118-Conj. 405                       01050020                                                            000040
1                   000902692011248461-2229                   0000000000000002229500000000002               012229      28111100000000292000000000012N171111120000000000000970000000000000000000000000000000000000000000000209624793000194BIANCHINI SOCIEDADE DE ADVOGADOS        Avenida Pedroso de Morais,2315                      05419001                                                            000041
1                   000902692011248461-2188                   0000000000000002188400000000002               062188      28111100000000424250000000012N101111120000000000010000000000000000000000000000000000000000000000000253283180000122Tesheiner Cavassani e Giacomazi AdvogadoRua João Adolfo,118-Conj. 405                       01050020                                                            000042
9                                                                                                                                                                                                                                                                                                                                                                                                         000043