01REMESSA01COBRANCA       00000000000004130991SISTEMA DE CARTóRIO CERTIDõES 237BRADESCO       181011        MX0000456                                                                                                                                                                                                                                                                                     000001
1                   000902692011248461-1955                   0000000000000001955300000000002               011955      27101100000001654800000000012N171011120000000000005520000000000000000000000000000000000000000000000200360305024208104 Caixa Econômica Federal             Largo da Concórdia,211                              03012010                                                            000002
1                   000902692011248461-1956                   0000000000000001956100000000002               011956      27101100000000076000000000012N171011120000000000000250000000000000000000000000000000000000000000000200360305267887104 Caixa Econômica Federal             Rua São Joaquim,,69-5º andar                        01508000                                                            000003
1                   000902692011248461-1957                   0000000000000001957P00000000002               011957      28101100000000726930000000012N181011120000000000002420000000000000000000000000000000000000000000000201701201000189HSBC Bank Brasil S.A. - Banco Multiplo -Rua Doutor Seidel,nº ,425                           05315000                                                            000004
1                   000902692011248461-1958                   0000000000000001958800000000002               011958      28101100000000144000000000012N181011120000000000000480000000000000000000000000000000000000000000000258616418000108Banco Fibra S/A                         Avenida Presidente Juscelino Kubitschek,            04543000                                                            000005
1                   000902692011248461-1959                   0000000000000001959600000000002               011959      28101100000000229610000000012N181011120000000000000770000000000000000000000000000000000000000000000100017683448842LUIS MARTINS NETTO                      Rua Barão de Ladário,670-SL. 404                    03010000                                                            000006
1                   000902692011248461-1769                   0000000000000001769000000000002               021769      13101100000000069000000000012N270911120000000000010000000000000000000000000000000000000000000000000260777091000106ROBIN COMERCIO E REPRESENTAÇÕES LTDA.   Rua Getúlio Soares da Rocha,53-Conj. 3              04704050                                                            000007
1                   000902692011248461-1932                   0000000000000001932400000000002               021932      14101100000020000000000000012N111011000000000000000000000000000000000000000000000000000000000000000100074336533768HUMBERTO LIMA PAIM                      RUA ILHA REDONDA,34 CASA A                          23937050                                                            000008
1                   000902692011248461-1933                   0000000000000001933200000000002               021933      28111100000020000000000000012N111011000000000000000000000000000000000000000000000000000000000000000100074336533768HUMBERTO LIMA PAIM                      RUA ILHA REDONDA,34 CASA A                          23937050                                                            000009
1                   000902692011248461-1780                   0000000000000001780100000000002               311780      20101100000000259040000000012N280911120000000000010000000000000000000000000000000000000000000000000200360305267887104 Caixa Econômica Federal             Rua São Joaquim ,69-5º andar                        01508001                                                            000010
1                   000902692011248461-1780                   0000000000000001780100000000002               061780      20101100000000259040000000012N280911120000000000010000000000000000000000000000000000000000000000000200360305267887104 Caixa Econômica Federal             Rua São Joaquim ,69-5º andar                        01508001                                                            000011
1                   000902692011248461-1699                   0000000000000001699600000000002               311699      20101100000000119960000000012N200911120000000000010000000000000000000000000000000000000000000000000200360305267887104 Caixa Econômica Federal             Rua São Joaquim ,69-5º andar                        01508001                                                            000012
1                   000902692011248461-1699                   0000000000000001699600000000002               061699      20101100000000119960000000012N200911120000000000010000000000000000000000000000000000000000000000000200360305267887104 Caixa Econômica Federal             Rua São Joaquim ,69-5º andar                        01508001                                                            000013
9                                                                                                                                                                                                                                                                                                                                                                                                         000014