01REMESSA01COBRANCA       00000000000004130991SISTEMA DE CARTóRIO CERTIDõES 237BRADESCO       180811        MX0000425                                                                                                                                                                                                                                                                                     000001
1                   000902692011248461-1408                   0000000000000001408P00000000002               011408      08091100000000140000000000012N180811120000000000000470000000000000000000000000000000000000000000000209263012000183Fundo de Investimento em Direitos CreditAvenida Paulista,1499 – 19º. Andar ,1499            01311200                                                            000002
1                   000902692011248461-1409                   0000000000000001409800000000002               011409      29081100000000100000000000012N180811120000000000000330000000000000000000000000000000000000000000000253283180000122Tesheiner Cavassani e Giacomazi AdvogadoRua João Adolfo,118-Conj. 405                       01050020                                                            000003
1                   000902692011248461-1410                   0000000000000001410100000000002               011410      29081100000000280000000000012N180811120000000000000930000000000000000000000000000000000000000000000207523097000166BERNARDI&SCHNAPP ADVOGADOS              Bela Cintra, ,1149-12º andar                        14150001                                                            000004
1                   000902692011248461-1411                   0000000000000001411P00000000002               011411      29081100000000029000000000012N180811120000000000000100000000000000000000000000000000000000000000000202263522000101CIENCIA E NATUREZA COMERCIO DE PRODUTOS Rua General Manoel de Azambuja Brilhante            06213040                                                            000005
1                   000902692011248461-1412                   0000000000000001412800000000002               011412      29081100000000110000000000012N180811120000000000000370000000000000000000000000000000000000000000000258160789000128422 Banco Safra S.A.                    Avenida Brigadeiro Luís Antônio,,383                01317000                                                            000006
1                   000902692011248461-1413                   0000000000000001413600000000002               011413      30081100000015000000000000012N180811000000000000000000000000000000000000000000000000000000000000000100070416044115EDSON RAFAEL CORREA DOS SANTOS          AV. FLAMBOYANT, LOTE 06, APTO 1103                  71916000                                                            000007
1                   000902692011248461-1414                   0000000000000001414400000000002               011414      30101100000015000000000000012N180811000000000000000000000000000000000000000000000000000000000000000100070416044115EDSON RAFAEL CORREA DOS SANTOS          AV. FLAMBOYANT, LOTE 06, APTO 1103                  71916000                                                            000008
9                                                                                                                                                                                                                                                                                                                                                                                                         000009