01REMESSA01COBRANCA       00000000000004130991SISTEMA DE CARTóRIO CERTIDõES 237BRADESCO       180711        MX0000405                                                                                                                                                                                                                                                                                     000001
1                   000902692011248461-1141                   0000000000000001141200000000002               011141      25071100000000319910000000012N150711120000000000001070000000000000000000000000000000000000000000000253283180000122Tesheiner Cavassani e Giacomazi AdvogadoRua João Adolfo,118-Conj. 405                       01050020                                                            000002
1                   000902692011248461-1142                   0000000000000001142000000000002               011142      20071100000012000000000000012N150711060500000000000000000000000000000000000000000000000000000000000100017322431820RUBENS ROBLES JUNIOR                    RUA DO ORATORIO, 2319 - AP. 91 BL3                  03195100                                                            000003
1                   000902692011248461-1143                   0000000000000001143900000000002               011143      25071100000000240000000000012N150711120000000000000800000000000000000000000000000000000000000000000200360305289937104 Caixa Econômica Federal             Avenida Brigadeiro Luís Antônio,,580                01318000                                                            000004
1                   000902692011248461-1144                   0000000000000001144700000000002               011144      25071100000000432000000000012N150711120000000000001440000000000000000000000000000000000000000000000201701201000189HSBC Bank Brasil S.A. - Banco Multiplo -Rua Doutor Seidel,nº 425,425                        05315000                                                            000005
1                   000902692011248461-1145                   0000000000000001145500000000002               011145      25071100000000368860000000012N1507111200000000000012300000000000000000000000000000000000000000000002000000005285011 Banco do Brasil S.A.                  Avenida Deputado Emílio Carlos,1833                 02721100                                                            000006
1                   000902692011248461-1146                   0000000000000001146300000000002               011146      25071100000000271910000000012N150711120000000000000910000000000000000000000000000000000000000000000253283180000122Tesheiner Cavassani e Giacomazi AdvogadoRua João Adolfo,118-Conj. 405                       01050020                                                            000007
1                   000902692011248461-1147                   0000000000000001147100000000002               011147      25071100000000030000000000012N150711120000000000000100000000000000000000000000000000000000000000000208679884000164FARES HALABIYAH JUNIOR - ME             Rua Itinguçu,2413                                   03658001                                                            000008
1                   000902692011248461-1148                   0000000000000001148P00000000002               011148      25071100000000270490000000012N150711120000000000000900000000000000000000000000000000000000000000000209016632000118TORI BY LAVITA CONFECCOES DE ROUPAS LTDARua Casimiro de Abreu ,357                          03013001                                                            000009
1                   000902692011248461-1149                   0000000000000001149800000000002               011149      25071100000000262270000000012N150711120000000000000870000000000000000000000000000000000000000000000200360305116676104 Caixa Econômica Federal             Avenida Carlos de Campos,,160                       03028000                                                            000010
1                   000902692011248461-1150                   0000000000000001150100000000002               011150      25071100000000125000000000012N150711120000000000000420000000000000000000000000000000000000000000000253283180000122Tesheiner Cavassani e Giacomazi AdvogadoRua João Adolfo,118-Conj. 405                       01050020                                                            000011
1                   000902692011248461-1151                   0000000000000001151P00000000002               011151      28071100000000406000000000012N180711120000000000001350000000000000000000000000000000000000000000000200360305196920104 Caixa Econômica Federal             Alameda Araguaia,,370/380                           06454400                                                            000012
1                   000902692011248461-1152                   0000000000000001152800000000002               011152      28071100000001532660000000012N180711120000000000005110000000000000000000000000000000000000000000000217184037010506389 Banco Mercantil do Brasil S.A.      Avenida Paulista ,923                               01311100                                                            000013
1                   000902692011248461-1153                   0000000000000001153600000000002               011153      28071100000000300000000000012N180711120000000000001000000000000000000000000000000000000000000000000200360305116676104 Caixa Econômica Federal             Avenida Carlos de Campos,,160                       03028000                                                            000014
1                   000902692011248461-1154                   0000000000000001154400000000002               011154      28071100000000161480000000012N180711120000000000000540000000000000000000000000000000000000000000000253283180000122Tesheiner Cavassani e Giacomazi AdvogadoRua João Adolfo,118-Conj. 405                       01050020                                                            000015
1                   000902692011248461-1155                   0000000000000001155200000000002               011155      28071100000000080000000000012N180711120000000000000270000000000000000000000000000000000000000000000201701201000189HSBC Bank Brasil S.A. - Banco Multiplo -Rua Doutor Seidel,nº 425,425                        05315000                                                            000016
1                   000902692011248461-1156                   0000000000000001156000000000002               011156      28071100000000120000000000012N180711120000000000000400000000000000000000000000000000000000000000000265969875000141RODOVIARIO NOVO TEMPO LTDA              Rua João Roberto Thut,709                           02751010                                                            000017
1                   000902692011248461-1157                   0000000000000001157900000000002               011157      22071100000015000000000000012N180711000000000000000000000000000000000000000000000000000000000000000100024931953883WILLIAN TESTA DE PAULA                  RUA MIGUEL PASQUARELLI, 298                         11340360                                                            000018
1                   000902692011248461-1158                   0000000000000001158700000000002               011158      05091100000015000000000000012N180711000000000000000000000000000000000000000000000000000000000000000100024931953883WILLIAN TESTA DE PAULA                  RUA MIGUEL PASQUARELLI, 298                         11340360                                                            000019
9                                                                                                                                                                                                                                                                                                                                                                                                         000020