01REMESSA01COBRANCA       00000000000004130991SISTEMA DE CARTóRIO CERTIDõES 237BRADESCO       180411        MX0000349                                                                                                                                                                                                                                                                                     000001
1                   000902692011248461-508                    0000000000000000508000000000002               01508       25041100000000100000000000012N150411000000000000000330000000000000000000000000000000000000000000000200360305308826104 Caixa Econômica Federal             Rua Estuário,36                                     04645100                                                            000002
1                   000902692011248461-509                    0000000000000000509900000000002               01509       25041100000000500000000000012N150411000000000000001670000000000000000000000000000000000000000000000200360305181656104 Caixa Econômica Federal             Avenida Santo Amaro ,7237                           04701200                                                            000003
1                   000902692011248461-510                    0000000000000000510200000000002               01510       28041100000000390000000000012N180411000000000000001300000000000000000000000000000000000000000000000208351432000159LIBRO COMPANHIA SECURITIZADORA DE CREDITAvenida Paulista,1499 – 19º. Andar ,1499            01311200                                                            000004
1                   000902692011248461-511                    0000000000000000511000000000002               01511       18041100000010000000000000012N180411060500000000000000000000000000000000000000000000000000000000000212601018000128Sicra Corporation Imp. e Exp. LTDA      Rua Helena, 218 sala 210                            04552050                                                            000005
1                   000902692011248461-512                    0000000000000000512900000000002               01512       31051100000010000000000000012N180411060500000000000000000000000000000000000000000000000000000000000212601018000128Sicra Corporation Imp. e Exp. LTDA      Rua Helena, 218 sala 210                            04552050                                                            000006
1                   000902692011248461-450                    0000000000000000450500000000002               06450       26041100000010537150000000012N070411000000000000010000000000000000000000000000000000000000000000000292894922000108BANCO MATONE (Núcleo Consignado RJ - MatAvenida Rio Branco,80-8º  e 9º andar                20040070                                                            000007
1                   000902692011248461-362                    0000000000000000362200000000002               02362       08041100000000012850000000012N040411000000000000010000000000000000000000000000000000000000000000000111838860000115M.L. CARDOSO - PRESTAÇÃO DE SERVIÇOS - ERua Luiz Pereira Barreto,304                        16010320Protesto após 5 dias                                        000008
9                                                                                                                                                                                                                                                                                                                                                                                                         000009