01REMESSA01COBRANCA       00000000000004130991SISTEMA DE CARTóRIO CERTIDõES 237BRADESCO       180511        MX0000366                                                                                                                                                                                                                                                                                     000001
1                   000902692011248461-719                    0000000000000000719900000000002               01719       27051100000000179000000000012N170511000000000000000600000000000000000000000000000000000000000000000100023452516890RICARDO PAULO DOS SANTOS                Rua Carijós ,2579-Casa 02                           09180000                                                            000002
1                   000902692011248461-720                    0000000000000000720200000000002               01720       27051100000000191000000000012N170511000000000000000640000000000000000000000000000000000000000000000100098593234615COSMI CARDOSO                           Rua General Pinheiro Machado,171                    07911160                                                            000003
1                   000902692011248461-721                    0000000000000000721000000000002               01721       27051100000000179000000000012N170511000000000000000600000000000000000000000000000000000000000000000100000725789808PEDRO AUGUSTO DE SOUZA                  Rua Francisco Antônio Miranda,62                    03809130                                                            000004
1                   000902692011248461-722                    0000000000000000722900000000002               01722       30061100000000030000000000012N180511000000000000000100000000000000000000000000000000000000000000000203586507000167J. A. Rezende Advogados Associados      Rua: Libero Badaró, ,471-17° ANDAR                  01009903                                                            000005
9                                                                                                                                                                                                                                                                                                                                                                                                         000006