01REMESSA01COBRANCA       00000000000004130991SISTEMA DE CARTóRIO CERTIDõES 237BRADESCO       180211        MX0000322                                                                                                                                                                                                                                                                                     000001
1                   000902692011248461-19                     0000000000000000019400000000002               0619        21021100000000058830000000012N020211000000000000010000000000000000000000000000000000000000000000000112572498000146Alphacentral Documentos e Serviços LTDA Rua Zacarias de Goes,285                            13201800                                                            000002
9                                                                                                                                                                                                                                                                                                                                                                                                         000003
