01REMESSA01COBRANCA       00000000000004130991SISTEMA DE CARTóRIO CERTIDõES 237BRADESCO       180311        MX0000333                                                                                                                                                                                                                                                                                     000001
1                   000902692011248461-237                    0000000000000000237500000000002               01237       27031100000000400000000000012N170311000000000000010000000000000000000000000000000000000000000000000200360305181656104 Caixa Econômica Federal             Avenida Santo Amaro ,7237                           04701200                                                            000002
1                   000902692011248461-238                    0000000000000000238300000000002               01238       27031100000000100000000000012N170311000000000000010000000000000000000000000000000000000000000000000203586507000167J. A. Rezende Advogados Associados      Rua: Libero Badaró, ,471-17° ANDAR                  01009903                                                            000003
1                   000902692011248461-239                    0000000000000000239100000000002               01239       27031100000000078200000000012N170311000000000000010000000000000000000000000000000000000000000000000200360305267887104 Caixa Econômica Federal             Rua São Joaquim ,69-5º andar                        01508001                                                            000004
1                   000902692011248461-240                    0000000000000000240500000000002               01240       27031100000000150000000000012N170311000000000000010000000000000000000000000000000000000000000000000207450604000189Bicbanco S/A                            Avenida Paulista , 1048 12º andar,1048              01310100                                                            000005
1                   000902692011248461-241                    0000000000000000241300000000002               01241       26031100000000118900000000012N170311060500000000000000000000000000000000000000000000000000000000000202682287000102PANAMERICANO ARRENDAMENTO MERCANTIL S/A AV PAULISTA, 2240 SÃO PAULO SP                      01003000                                                            000006
1                   000902692011248461-242                    0000000000000000242100000000002               01242       26031100000000118900000000012N170311060500000000000000000000000000000000000000000000000000000000000202682287000102PANAMERICANO ARRENDAMENTO MERCANTIL S/A AV PAULISTA, 2240 SAO PAULO                         01003000                                                            000007
1                   000902692011248461-243                    0000000000000000243P00000000002               01243       26031100000001483440000000012N170311060500000000000000000000000000000000000000000000000000000000000200360305025441CAIXA ECONOMICA FEDERAL                 R JOAQUIM FLORIANO 446 ITAIM                        04534002                                                            000008
1                   000902692011248461-244                    0000000000000000244800000000002               01244       28031100000001744040000000012N180311000000000000010000000000000000000000000000000000000000000000000203723171000137E Cunha Consultoria Empresarial Ltda.   Rua Nova York ,959-conj. 52                         04560002                                                            000009
1                   000902692011248461-245                    0000000000000000245600000000002               01245       28031100000000260000000000012N180311000000000000010000000000000000000000000000000000000000000000000200360305267887104 Caixa Econômica Federal             Rua São Joaquim,69-5º andar                         01508000                                                            000010
1                   000902692011248461-246                    0000000000000000246400000000002               01246       28031100000000649000000000012N180311000000000000010000000000000000000000000000000000000000000000000207451687000120TOURNAI ADMINISTRAÇÃO E PARTICIPAÇÕES LTRua Guilherme Bannitz,90-sala 91                    04532060                                                            000011
1                   000902692011248461-120                    0000000000000000120400000000002               02120       08031100000000016000000000012N010311000000000000010000000000000000000000000000000000000000000000000111619454000161ASSESSORIA CARTORÁRIA DO NORDESTE LTDA  Av. Moreira e Silva,821A                            57051500Protesto após 5 dias                                        000012
1                   000902692011248461-126                    0000000000000000126300000000002               02126       08031100000000002890000000012N010311000000000000010000000000000000000000000000000000000000000000000100000000000000Cartório Postal - Recife - PE           Rua Maria Carolina,205-Galeria Guararape            51020220Protesto após 5 dias                                        000013
9                                                                                                                                                                                                                                                                                                                                                                                                         000014