01REMESSA01COBRANCA       00000000000004130991SISTEMA DE CARTóRIO CERTIDõES 237BRADESCO       180112        MX0000498                                                                                                                                                                                                                                                                                     000001
1                   000902692011248461-2675                   0000000000000002675400000000002               012675      30011200000000179000000000012N180112120000000000000600000000000000000000000000000000000000000000000100015380501885JOAO MARQUES DO NASCIMENTO              Rua São José da cantareira,028                      02378270                                                            000002
1                   000902692011248461-2676                   0000000000000002676200000000002               012676      30011200000000170000000000012N180112120000000000000570000000000000000000000000000000000000000000000209624793000194BIANCHINI SOCIEDADE DE ADVOGADOS        Avenida Pedroso de Morais,2315                      05419001                                                            000003
9                                                                                                                                                                                                                                                                                                                                                                                                         000004