01REMESSA01COBRANCA       00000000000004130991SISTEMA DE CARTóRIO CERTIDõES 237BRADESCO       190411        MX0000350                                                                                                                                                                                                                                                                                     000001
1                   000902692011248461-513                    0000000000000000513700000000002               01513       25041100000040000000000000012N180411060500000000000000000000000000000000000000000000000000000000000100002974811426Rosenberg Cavalcante da Cruz            Rua Senador Jose Americo, 205                       58300250                                                            000002
1                   000902692011248461-514                    0000000000000000514500000000002               01514       10061100000040000000000000012N180411060500000000000000000000000000000000000000000000000000000000000100002974811426Rosenberg Cavalcante da Cruz            Rua Senador Jose Americo, 205                       58300250                                                            000003
1                   000902692011248461-515                    0000000000000000515300000000002               01515       28041100000000046000000000012N180411000000000000000150000000000000000000000000000000000000000000000202971564000105VERDYCON CONSERVACAO LTDA               Avenida dos Remédios ,1209-LOTE-  03                06298007                                                            000004
1                   000902692011248461-516                    0000000000000000516100000000002               01516       28041100000000200000000000012N180411000000000000000670000000000000000000000000000000000000000000000100021351123807YOUNG SHIL PARK KIM                     Rua Silva Teles ,224                                03026000                                                            000005
1                   000902692011248461-517                    0000000000000000517P00000000002               01517       28041100000000194000000000012N180411000000000000000650000000000000000000000000000000000000000000000262232889000190Banco Daycoval S/A                      Avenida Paulista ,1793-02º Andar                    01311200                                                            000006
1                   000902692011248461-518                    0000000000000000518800000000002               01518       29041100000000540000000000012N190411000000000000001800000000000000000000000000000000000000000000000233479023000180CITIBANK RISK MANAGEMENT                Avenida Paulista, nº 1.111, 2º andar,1.1            01311920                                                            000007
1                   000902692011248461-519                    0000000000000000519600000000002               01519       25041100000012000000000000012N190411060500000000000000000000000000000000000000000000000000000000000100006758821846HELEN MARGARETE DENTELLO                RUA SEBASTIÃO, 244 - APTO 82                        13660000                                                            000008
1                   000902692011248461-520                    0000000000000000520P00000000002               01520       25041100000005000000000000012N190411060500000000000000000000000000000000000000000000000000000000000100003433865698Sidney Souto Brabosa                    Rua Niceu Lopes Silva, 184                          39401070                                                            000009
1                   000902692011248461-521                    0000000000000000521800000000002               01521       26041100000005000000000000012N190411060500000000000000000000000000000000000000000000000000000000000100003433865698Sidney Souto Brabosa                    Rua Niceu Lopes Silva, 184                          39401070                                                            000010
1                   000902692011248461-522                    0000000000000000522600000000002               01522       27041100000005000000000000012N190411060500000000000000000000000000000000000000000000000000000000000100003433865698Sidney Souto Brabosa                    Rua Niceu Lopes Silva, 184                          39401070                                                            000011
1                   000902692011248461-523                    0000000000000000523400000000002               01523       28041100000005000000000000012N190411060500000000000000000000000000000000000000000000000000000000000100003433865698Sidney Souto Brabosa                    Rua Niceu Lopes Silva, 184                          39401070                                                            000012
9                                                                                                                                                                                                                                                                                                                                                                                                         000013