01REMESSA01COBRANCA       00000000000004130991SISTEMA DE CARTóRIO CERTIDõES 237BRADESCO       191011        MX0000457                                                                                                                                                                                                                                                                                     000001
1                   000902692011248461-1960                   0000000000000001960P00000000002               011960      31101100000000420000000000012N191011120000000000001400000000000000000000000000000000000000000000000200360305267887104 Caixa Econômica Federal             Rua São Joaquim,,69-5º andar                        01508000                                                            000002
1                   000902692011248461-1961                   0000000000000001961800000000002               011961      31101100000000040250000000012N191011120000000000000130000000000000000000000000000000000000000000000210377191000169ACM  Legalizações Empresariais Ltda. - MAvenida Capitão Mário Toledo de Camargo,            09170150                                                            000003
1                   000902692011248461-1962                   0000000000000001962600000000002               011962      31101100000000336710000000012N191011120000000000001120000000000000000000000000000000000000000000000253283180000122Tesheiner Cavassani e Giacomazi AdvogadoRua João Adolfo,118-Conj. 405                       01050020                                                            000004
1                   000902692011248461-1963                   0000000000000001963400000000002               011963      31101100000000080000000000012N191011120000000000000270000000000000000000000000000000000000000000000100017683448842LUIS MARTINS NETTO                      Rua Barão de Ladário,670-Sl. 404                    03010000                                                            000005
1                   000902692011248461-1964                   0000000000000001964200000000002               011964      31101100000000140000000000012N191011120000000000000470000000000000000000000000000000000000000000000203513451000110NERONE DO BRASIL CIA. Securitizadora de Avenida Paulista,726-Sala 1410 - 14º and            01310100                                                            000006
1                   000902692011248461-1965                   0000000000000001965000000000002               011965      31101100000000110000000000012N191011120000000000000370000000000000000000000000000000000000000000000258616418000108Banco Fibra S/A                         Avenida Presidente Juscelino Kubitschek,            04543000                                                            000007
1                   000902692011248461-1892                   0000000000000001892100000000002               311892      19101100000000492770000000012N061011120000000000010000000000000000000000000000000000000000000000000200360305073845104 Caixa Econômica Federal             Rua Campos Sales,,198                               06401000                                                            000008
1                   000902692011248461-1892                   0000000000000001892100000000002               061892      19101100000000492770000000012N061011120000000000010000000000000000000000000000000000000000000000000200360305073845104 Caixa Econômica Federal             Rua Campos Sales,,198                               06401000                                                            000009
1                   000902692011248461-1772                   0000000000000001772000000000002               021772      14101100000000420000000000012N270911120000000000010000000000000000000000000000000000000000000000000233479023000180BANCO CITIBANK S.A                      Avenida Paulista, nº 1.111, 2º andar,1.1            01311920                                                            000010
1                   000902692011248461-1774                   0000000000000001774700000000002               021774      07101100000000164450000000012N270911120000000000010000000000000000000000000000000000000000000000000201701201034679399 HSBC Bank Brasil S.A. - Banco MultipAvenida Rio das Pedras,341                          03453000                                                            000011
1                   000902692011248461-1870                   0000000000000001870000000000002               311870      21101100000000079280000000012N041011120000000000010000000000000000000000000000000000000000000000000200360305267887104 Caixa Econômica Federal             Rua São Joaquim,,69-5º andar                        01508000                                                            000012
1                   000902692011248461-1870                   0000000000000001870000000000002               061870      21101100000000079280000000012N041011120000000000010000000000000000000000000000000000000000000000000200360305267887104 Caixa Econômica Federal             Rua São Joaquim,,69-5º andar                        01508000                                                            000013
9                                                                                                                                                                                                                                                                                                                                                                                                         000014