01REMESSA01COBRANCA       00000000000004130991SISTEMA DE CARTÛRIO CERTIDıES 237BRADESCO       190811        MX0000426                                                                                                                                                                                                                                                                                     000001
1                   000902692011248461-1415                   0000000000000001415200000000002               011415      29081100000000395000000000012N190811120000000000001320000000000000000000000000000000000000000000000201701201000189HSBC Bank Brasil S.A. - Banco Multiplo -Rua Doutor Seidel,n∫ 425,425                        05315000                                                            000002
1                   000902692011248461-1385                   0000000000000001385700000000002               021385      22081100000000134000000000012N120811120000000000010000000000000000000000000000000000000000000000000100031562048899FLAVIO DA SILVA PINTO                   R: JERONIMO ASSUN«√O,156                            04855030                                                            000003
9                                                                                                                                                                                                                                                                                                                                                                                                         000004