01REMESSA01COBRANCA       00000000000004130991SISTEMA DE CARTóRIO CERTIDõES 237BRADESCO       190312        MX0000514                                                                                                                                                                                                                                                                                     000001
1                   000902692011248461-3173                   0000000000000003173100000000002               063173      26031200000020000000000000012N120312000000000000000000000000000000000000000000000000000000000000000100051959143700CARLOS ALBERTO ROCHA DE MELO            Av. Prefeito José Guimarães, 291 Casa               28940000                                                            000002
9                                                                                                                                                                                                                                                                                                                                                                                                         000003