01REMESSA01COBRANCA       00000000000004130991SISTEMA DE CARTóRIO CERTIDõES 237BRADESCO       190911        MX0000440                                                                                                                                                                                                                                                                                     000001
1                   000902692011248461-1693                   0000000000000001693700000000002               011693      29091100000001440000000000012N190911120000000000004800000000000000000000000000000000000000000000000262232889000190Banco Daycoval S/A                      Avenida Paulista ,1793-02º Andar                    01311200                                                            000002
1                   000902692011248461-1694                   0000000000000001694500000000002               011694      29091100000000622000000000012N190911120000000000002070000000000000000000000000000000000000000000000200360305034602104 Caixa Econômica Federal             Avenida Brigadeiro Faria Lima,,180                  09720000                                                            000003
1                   000902692011248461-1695                   0000000000000001695300000000002               011695      29091100000000120000000000012N190911120000000000000400000000000000000000000000000000000000000000000200360305257300104 Caixa Econômica Federal             Av Paulista,,1842-Torre Norte // 20º and            01310923                                                            000004
1                   000902692011248461-1696                   0000000000000001696100000000002               011696      29091100000000399120000000012N190911120000000000001330000000000000000000000000000000000000000000000253283180000122Tesheiner Cavassani e Giacomazi AdvogadoRua João Adolfo,118-Conj. 405                       01050020                                                            000005
1                   000902692011248461-1697                   0000000000000001697P00000000002               011697      29091100000000414680000000012N190911120000000000001380000000000000000000000000000000000000000000000253283180000122Tesheiner Cavassani e Giacomazi AdvogadoRua João Adolfo,118-Conj. 405                       01050020                                                            000006
1                   000902692011248461-1698                   0000000000000001698800000000002               011698      29091100000000258850000000012N190911120000000000000860000000000000000000000000000000000000000000000253283180000122Tesheiner Cavassani e Giacomazi AdvogadoRua João Adolfo,118-Conj. 405                       01050020                                                            000007
1                   000902692011248461-1416                   0000000000000001416000000000002               021416      01091100000001810430000000012N220811120000000000010000000000000000000000000000000000000000000000000217184037019724389 Banco Mercantil do Brasil S.A.      Rua Capitão Gabriel,235                             07011010                                                            000008
1                   000902692011248461-1635                   0000000000000001635P00000000002               021635      16091100000000013000000000012N060911120000000000010000000000000000000000000000000000000000000000000251181287000134Extinpaul Equipamentos Contra Incêndio LRua Campista,88                                     02314080                                                            000009
9                                                                                                                                                                                                                                                                                                                                                                                                         000010