01REMESSA01COBRANCA       00000000000004130991SISTEMA DE CARTóRIO CERTIDõES 237BRADESCO       190511        MX0000367                                                                                                                                                                                                                                                                                     000001
1                   000902692011248461-723                    0000000000000000723700000000002               01723       30051100000000200000000000012N180511000000000000000670000000000000000000000000000000000000000000000233479023000180CITIBANK RISK MANAGEMENT                Avenida Paulista,1.111-2º andar                     01311920                                                            000002
1                   000902692011248461-724                    0000000000000000724500000000002               01724       30051100000000100000000000012N180511000000000000000330000000000000000000000000000000000000000000000100003101544807LIU CHOU CHIA  YING                     Rua Cunha Horta,83-Ap. 13                           01221030                                                            000003
1                   000902692011248461-725                    0000000000000000725300000000002               01725       30051100000000100000000000012N180511000000000000000330000000000000000000000000000000000000000000000253283180000122Tesheiner Cavassani e Giacomazi AdvogadoRua João Adolfo,118-Conj. 405                       01050020                                                            000004
1                   000902692011248461-726                    0000000000000000726100000000002               01726       30051100000000474050000000012N180511000000000000001580000000000000000000000000000000000000000000000208603317000124ACE RASTREDORES LTDA ME                 Rua Vera Paranaguá de Souza Dantas,91               05565220                                                            000005
1                   000902692011248461-727                    0000000000000000727P00000000002               01727       30051100000000492440000000012N180511000000000000001640000000000000000000000000000000000000000000000202587243000101CONFECÇÕES MOREMEL                      Rua José Paulino, ,37                               00000000                                                            000006
1                   000902692011248461-728                    0000000000000000728800000000002               01728       30051100000000448440000000012N180511000000000000001490000000000000000000000000000000000000000000000205888414000112CREAÇÕES MX FASHION LIMITADA            Rua Aimorés - lado par,210                          01122010                                                            000007
1                   000902692011248461-729                    0000000000000000729600000000002               01729       30051100000000466110000000012N180511000000000000001550000000000000000000000000000000000000000000000201190978000126ITALIA COMERCIAL TEXTIL LTDA ME         Rua Almirante Barroso,308                           03025000                                                            000008
1                   000902692011248461-730                    0000000000000000730P00000000002               01730       30051100000000085600000000012N180511000000000000000290000000000000000000000000000000000000000000000209263012000183Fundo de Investimento em Direitos CreditAvenida Paulista,1499-19º andar                     01311200                                                            000009
1                   000902692011248461-731                    0000000000000000731800000000002               01731       30051100000000029000000000012N180511000000000000000100000000000000000000000000000000000000000000000210377191000169ACM  Legalizações Empresariais Ltda. - MAvenida Capitão Mário Toledo de Camargo,            09170150                                                            000010
1                   000902692011248461-732                    0000000000000000732600000000002               01732       30051100000000210000000000012N180511000000000000000700000000000000000000000000000000000000000000000200360305024550104 Caixa Econômica Federal             Avenida Doutor Gastão Vidigal,1437                  05314000                                                            000011
1                   000902692011248461-733                    0000000000000000733400000000002               01733       30051100000000150000000000012N180511000000000000000500000000000000000000000000000000000000000000000100009428312843JULIA MARTINS LEAL DA SILVA             Avenida Parada Pinto,3420-BLOCO 01 APTO             02611001                                                            000012
1                   000902692011248461-734                    0000000000000000734200000000002               01734       30051100000000184000000000012N180511000000000000000610000000000000000000000000000000000000000000000100009406136708MARIA ELIANE ALCINO LEITÃO              Rua Professor Roberto Mange,161                     04153040                                                            000013
1                   000902692011248461-735                    0000000000000000735000000000002               01735       30051100000000142000000000012N180511000000000000000470000000000000000000000000000000000000000000000100034763637835IVANILDO DE CARVALHO XAVIER             Rua Professor Pereira Monteiro,109                  03518050                                                            000014
1                   000902692011248461-736                    0000000000000000736900000000002               01736       30051100000000142000000000012N180511000000000000000470000000000000000000000000000000000000000000000100000123133602WELISSON DE SOUZA CRUZ                  Avenida Mendonça Drumond,654                        03524030                                                            000015
1                   000902692011248461-737                    0000000000000000737700000000002               01737       30051100000000090000000000012N180511000000000000000300000000000000000000000000000000000000000000000100030076018865FABIANA APARECIDA REICHERT CARLOS       Rua João Pereira da Silva,15                        06950000                                                            000016
1                   000902692011248461-738                    0000000000000000738500000000002               01738       30051100000000078000000000012N180511000000000000000260000000000000000000000000000000000000000000000207451687000120TOURNAI ADMINISTRAÇÃO E PARTICIPAÇÕES LTRua Guilherme Bannitz,90-sala 91                    04532060                                                            000017
1                   000902692011248461-739                    0000000000000000739300000000002               01739       30051100000000119000000000012N180511000000000000000400000000000000000000000000000000000000000000000290400888082521353 Banco Santander Brasil S.A.         Avenida Sapopemba ,4107                             03374000                                                            000018
1                   000902692011248461-740                    0000000000000000740700000000002               01740       30051100000000669170000000012N180511000000000000002230000000000000000000000000000000000000000000000201190978000126ITALIA COMERCIAL TEXTIL LTDA ME         Rua Almirante Barroso,308                           03025000                                                            000019
1                   000902692011248461-525                    0000000000000000525000000000002               02525       10061100000072000000000000012N190411060500000000000000000000000000000000000000000000000000000000000100075147050400Renato Bezerra Pereira de Melo          Rua Praia de Muriu, 2001- Casa 115                  59151427                                                            000020
1                   000902692011248461-345                    0000000000000000345200000000002               18345       02051100000015000000000000012N010411060500000000000000000000000000000000000000000000000000000000000100027460207187ROSANA AUXILIADORA FALCÃO GARCIA GUIMARÃRUA ARNALDO E. FIGUEIREDO, 594 APTO 02              78700150                                                            000021
1                   000902692011248461-559                    0000000000000000559500000000002               18559       02051100000018000000000000012N270411060500000000000000000000000000000000000000000000000000000000000100080410634972Niceia Camargo do Vale Bastos           Rua Capitão Frederico Virmond, 443                  85065580                                                            000022
1                   000902692011248461-465                    0000000000000000465300000000002               31465       05061100000003333330000000012N120411110000000000000000000000000000000000000000000000000000000000000100003103794827Rita Maria Gaona                        Av. Professor João Fiusa, 2161 - apto 44            14024250                                                            000023
1                   000902692011248461-471                    0000000000000000471800000000002               31471       05061100000003333330000000012N120411110000000000000000000000000000000000000000000000000000000000000100031076131859Rodrigo de Melo Alvarenga               Rua Barão do Amazonas, 1167 apto 111                14024250                                                            000024
1                   000902692011248461-466                    0000000000000000466100000000002               31466       05071100000003333330000000012N120411110000000000000000000000000000000000000000000000000000000000000100003103794827Rita Maria Gaona                        Av. Professor João Fiusa, 2161 - apto 44            14024250                                                            000025
1                   000902692011248461-472                    0000000000000000472600000000002               31472       05071100000003333330000000012N120411110000000000000000000000000000000000000000000000000000000000000100031076131859Rodrigo de Melo Alvarenga               Rua Barão do Amazonas, 1167 apto 111                14010120                                                            000026
1                   000902692011248461-467                    0000000000000000467P00000000002               31467       05081100000003333330000000012N120411110000000000000000000000000000000000000000000000000000000000000100003103794827Rita Maria Gaona                        Av. Professor João Fiusa, 2161 - apto 44            14024250                                                            000027
1                   000902692011248461-473                    0000000000000000473400000000002               31473       05081100000003333330000000012N120411110000000000000000000000000000000000000000000000000000000000000100031076131859Rodrigo de Melo Alvarenga               Rua Barão do Amazonas, 1167 apto 111                14010120                                                            000028
1                   000902692011248461-468                    0000000000000000468800000000002               31468       05091100000003333330000000012N120411110000000000000000000000000000000000000000000000000000000000000100003103794827Rita Maria Gaona                        Av. Professor João Fiusa, 2161 - apto 44            14024250                                                            000029
1                   000902692011248461-474                    0000000000000000474200000000002               31474       05091100000003333330000000012N120411110000000000000000000000000000000000000000000000000000000000000100031076131859Rodrigo de Melo Alvarenga               Rua Barão do Amazonas, 1167 apto 111                14010120                                                            000030
1                   000902692011248461-469                    0000000000000000469600000000002               31469       05101100000003333330000000012N120411110000000000000000000000000000000000000000000000000000000000000100003103794827Rita Maria Gaona                        Av. Professor João Fiusa, 2161 - apto 44            14024250                                                            000031
1                   000902692011248461-475                    0000000000000000475000000000002               31475       05101100000003333330000000012N120411110000000000000000000000000000000000000000000000000000000000000100031076131859Rodrigo de Melo Alvarenga               Rua Barão do Amazonas, 1167 apto 111                14010120                                                            000032
1                   000902692011248461-470                    0000000000000000470P00000000002               31470       05111100000003333330000000012N120411110000000000000000000000000000000000000000000000000000000000000100003103794827Rita Maria Gaona                        Av. Professor João Fiusa, 2161 - apto 44            14024250                                                            000033
1                   000902692011248461-476                    0000000000000000476900000000002               31476       05111100000003333330000000012N120411110000000000000000000000000000000000000000000000000000000000000100031076131859Rodrigo de Melo Alvarenga               Rua Barão do Amazonas, 1167 apto 111                14010120                                                            000034
1                   000902692011248461-496                    0000000000000000496300000000002               31496       31051100000008000000000000012N140411110000000000000000000000000000000000000000000000000000000000000100013116983020JOSE VICENTE BENITES TEIXEIRA           R. CEL. XISTO PELLINE, 45                           27541085                                                            000035
1                   000902692011248461-497                    0000000000000000497100000000002               31497       30061100000008000000000000012N140411110000000000000000000000000000000000000000000000000000000000000100013116983020JOSE VICENTE BENITES TEIXEIRA           R. CEL. XISTO PELLINE, 45                           27541085                                                            000036
1                   000902692011248461-498                    0000000000000000498P00000000002               31498       29071100000008000000000000012N140411120000000000000000000000000000000000000000000000000000000000000100013116983020JOSE VICENTE BENITES TEIXEIRA           R. CEL. XISTO PELLINE, 45                           27541085                                                            000037
1                   000902692011248461-497                    0000000000000000497100000000002               31497       30061100000008000000000000012N140411120000000000000000000000000000000000000000000000000000000000000100013116983020JOSE VICENTE BENITES TEIXEIRA           R. CEL. XISTO PELLINE, 45                           27541085                                                            000038
1                   000902692011248461-496                    0000000000000000496300000000002               31496       31051100000008000000000000012N140411120000000000000000000000000000000000000000000000000000000000000100013116983020JOSE VICENTE BENITES TEIXEIRA           R. CEL. XISTO PELLINE, 45                           27541085                                                            000039
1                   000902692011248461-476                    0000000000000000476900000000002               31476       05111100000003333330000000012N120411120000000000000000000000000000000000000000000000000000000000000100031076131859Rodrigo de Melo Alvarenga               Rua Barão do Amazonas, 1167 apto 111                14010120                                                            000040
1                   000902692011248461-470                    0000000000000000470P00000000002               31470       05111100000003333330000000012N120411120000000000000000000000000000000000000000000000000000000000000100003103794827Rita Maria Gaona                        Av. Professor João Fiusa, 2161 - apto 44            14024250                                                            000041
1                   000902692011248461-469                    0000000000000000469600000000002               31469       05101100000003333330000000012N120411120000000000000000000000000000000000000000000000000000000000000100003103794827Rita Maria Gaona                        Av. Professor João Fiusa, 2161 - apto 44            14024250                                                            000042
1                   000902692011248461-474                    0000000000000000474200000000002               31474       05091100000003333330000000012N120411120000000000000000000000000000000000000000000000000000000000000100031076131859Rodrigo de Melo Alvarenga               Rua Barão do Amazonas, 1167 apto 111                14010120                                                            000043
1                   000902692011248461-468                    0000000000000000468800000000002               31468       05091100000003333330000000012N120411120000000000000000000000000000000000000000000000000000000000000100003103794827Rita Maria Gaona                        Av. Professor João Fiusa, 2161 - apto 44            14024250                                                            000044
1                   000902692011248461-473                    0000000000000000473400000000002               31473       05081100000003333330000000012N120411120000000000000000000000000000000000000000000000000000000000000100031076131859Rodrigo de Melo Alvarenga               Rua Barão do Amazonas, 1167 apto 111                14010120                                                            000045
1                   000902692011248461-467                    0000000000000000467P00000000002               31467       05081100000003333330000000012N120411120000000000000000000000000000000000000000000000000000000000000100003103794827Rita Maria Gaona                        Av. Professor João Fiusa, 2161 - apto 44            14024250                                                            000046
1                   000902692011248461-472                    0000000000000000472600000000002               31472       05071100000003333330000000012N120411120000000000000000000000000000000000000000000000000000000000000100031076131859Rodrigo de Melo Alvarenga               Rua Barão do Amazonas, 1167 apto 111                14010120                                                            000047
1                   000902692011248461-466                    0000000000000000466100000000002               31466       05071100000003333330000000012N120411120000000000000000000000000000000000000000000000000000000000000100003103794827Rita Maria Gaona                        Av. Professor João Fiusa, 2161 - apto 44            14024250                                                            000048
1                   000902692011248461-471                    0000000000000000471800000000002               31471       05061100000003333330000000012N120411120000000000000000000000000000000000000000000000000000000000000100031076131859Rodrigo de Melo Alvarenga               Rua Barão do Amazonas, 1167 apto 111                14024250                                                            000049
1                   000902692011248461-465                    0000000000000000465300000000002               31465       05061100000003333330000000012N120411120000000000000000000000000000000000000000000000000000000000000100003103794827Rita Maria Gaona                        Av. Professor João Fiusa, 2161 - apto 44            14024250                                                            000050
1                   000902692011248461-514                    0000000000000000514500000000002               31514       10061100000040000000000000012N180411120000000000000000000000000000000000000000000000000000000000000100002974811426Rosenberg Cavalcante da Cruz            Rua Senador Jose Americo, 205                       58300250                                                            000051
1                   000902692011248461-566                    0000000000000000566800000000002               31566       30061100000015000000000000012N280411120000000000000000000000000000000000000000000000000000000000000100005352132803Virginia Andrade Silva Manzaro          Rua Jose Comparato, 56                              01546070                                                            000052
1                   000902692011248461-567                    0000000000000000567600000000002               31567       01081100000015000000000000012N280411120000000000000000000000000000000000000000000000000000000000000100005352132803Virginia Andrade Silva Manzaro          Rua Jose Comparato, 56                              01546070                                                            000053
1                   000902692011248461-569                    0000000000000000569200000000002               31569       03061100000023000000000000012N280411120000000000000000000000000000000000000000000000000000000000000100001225663350Gercilio Ferreira Macedo                Av. Rio Poti, 795                                   64049410                                                            000054
1                   000902692011248461-568                    0000000000000000568400000000002               31568       04071100000023000000000000012N280411120000000000000000000000000000000000000000000000000000000000000100001225663350Gercilio Ferreira Macedo                Av. Rio Poti, 795                                   64049410                                                            000055
1                   000902692011248461-687                    0000000000000000687700000000002               31687       27051100000017500000000000012N110511120000000000000000000000000000000000000000000000000000000000000100004697544943Eduardo H. Ogliari                      Rua Candido Xavier, 917                             80320220                                                            000056
9                                                                                                                                                                                                                                                                                                                                                                                                         000057