01REMESSA01COBRANCA       00000000000004130991SISTEMA DE CARTÛRIO CERTIDıES 237BRADESCO       191211        MX0000483                                                                                                                                                                                                                                                                                     000001
1                   000902692011248461-2477                   0000000000000002477800000000002               012477      26121100000000080500000000012N161211120000000000000270000000000000000000000000000000000000000000000210377191000169ACM ASSESSORIA CONTABIL LTDA            Avenida Capit„o M·rio Toledo de Camargo,            09170150                                                            000002
1                   000902692011248461-2478                   0000000000000002478600000000002               012478      20011200000010000000000000012N191211000000000000000000000000000000000000000000000000000000000000000100002974979521FLAVIA LEAO CARVALHO                    RUA ASSIS ANDRADE, 520                              36400000                                                            000003
1                   000902692011248461-2479                   0000000000000002479400000000002               012479      20021200000010000000000000012N191211000000000000000000000000000000000000000000000000000000000000000100002974979521FLAVIA LEAO CARVALHO                    RUA ASSIS ANDRADE, 520                              36400000                                                            000004
1                   000902692011248461-2480                   0000000000000002480800000000002               012480      20031200000010000000000000012N191211000000000000000000000000000000000000000000000000000000000000000100002974979521FLAVIA LEAO CARVALHO                    RUA ASSIS ANDRADE, 520                              36400000                                                            000005
1                   000902692011248461-2481                   0000000000000002481600000000002               012481      20041200000010000000000000012N191211000000000000000000000000000000000000000000000000000000000000000100002974979521FLAVIA LEAO CARVALHO                    RUA ASSIS ANDRADE, 520                              36400000                                                            000006
1                   000902692011248461-2439                   0000000000000002439500000000002               062439      21121100000000100000000000012N091211120000000000010000000000000000000000000000000000000000000000000253283180000122Tesheiner Cavassani e Giacomazi AdvogadoRua Jo„o Adolfo,118-Conj. 405                       01050020                                                            000007
1                   000902692011248461-2440                   0000000000000002440900000000002               062440      21121100000000100000000000012N091211120000000000010000000000000000000000000000000000000000000000000253283180000122Tesheiner Cavassani e Giacomazi AdvogadoRua Jo„o Adolfo,118-Conj. 405                       01050020                                                            000008
1                   000902692011248461-2441                   0000000000000002441700000000002               062441      21121100000000100000000000012N091211120000000000010000000000000000000000000000000000000000000000000253283180000122Tesheiner Cavassani e Giacomazi AdvogadoRua Jo„o Adolfo,118-Conj. 405                       01050020                                                            000009
9                                                                                                                                                                                                                                                                                                                                                                                                         000010