01REMESSA01COBRANCA       00000000000004130991SISTEMA DE CARTóRIO CERTIDõES 237BRADESCO       190711        MX0000406                                                                                                                                                                                                                                                                                     000001
1                   000902692011248461-1161                   0000000000000001161700000000002               011161      29071100000000347240000000012N190711120000000000001160000000000000000000000000000000000000000000000100017683448842LUIS MARTINS NETTO                      Rua Barão de Ladário,670-Sl. 404                    03010000                                                            000002
1                   000902692011248461-1159                   0000000000000001159500000000002               011159      28071100000000246680000000012N180711120000000000000820000000000000000000000000000000000000000000000205888414000112CREAÇÕES MX FASHION LIMITADA            Rua Aimorés ,210                                    01122010                                                            000003
1                   000902692011248461-1160                   0000000000000001160900000000002               011160      28071100000000120000000000012N180711120000000000000400000000000000000000000000000000000000000000000209016632000118TORI BY LAVITA CONFECCOES DE ROUPAS LTDARua Casimiro de Abreu ,357                          03013001                                                            000004
1                   000902692011248461-1162                   0000000000000001162500000000002               011162      29071100000000210000000000012N190711120000000000000700000000000000000000000000000000000000000000000262232889000190Banco Daycoval S/A                      Avenida Paulista ,1793-02º Andar                    01311200                                                            000005
1                   000902692011248461-1163                   0000000000000001163300000000002               011163      29071100000000180000000000012N190711120000000000000600000000000000000000000000000000000000000000000208472787000104LC 15 COMERCIO E CONFECÇÕES LTDA - ME   Rua da Juta,369                                     03010010                                                            000006
1                   000902692011248461-1164                   0000000000000001164100000000002               011164      25071100000028000000000000012N190711000000000000000000000000000000000000000000000000000000000000000100077788087734MARCIO CAMPOS PEREIRA                   RUA 21, 992                                         27261610                                                            000007
1                   000902692011248461-1165                   0000000000000001165P00000000002               011165      25081100000010500000000000012N190711000000000000000000000000000000000000000000000000000000000000000100077788087734MARCIO CAMPOS PEREIRA                   RUA 21, 992                                         27261610                                                            000008
1                   000902692011248461-1166                   0000000000000001166800000000002               011166      25091100000010500000000000012N190711000000000000000000000000000000000000000000000000000000000000000100077788087734MARCIO CAMPOS PEREIRA                   RUA 21, 992                                         27261610                                                            000009
1                   000902692011248461-1167                   0000000000000001167600000000002               011167      29071100000000546740000000012N190711120000000000001820000000000000000000000000000000000000000000000262232889000190Banco Daycoval S/A                      Avenida Paulista ,1793-02º Andar                    01311200                                                            000010
1                   000902692011248461-1168                   0000000000000001168400000000002               011168      25101100000010500000000000012N190711000000000000000000000000000000000000000000000000000000000000000100077788087734MARCIO CAMPOS PEREIRA                   RUA 21, 992                                         27261610                                                            000011
1                   000902692011248461-1169                   0000000000000001169200000000002               011169      25111100000010500000000000012N190711000000000000000000000000000000000000000000000000000000000000000100077788087734MARCIO CAMPOS PEREIRA                   RUA 21, 992                                         27261610                                                            000012
1                   000902692011248461-1101                   0000000000000001101300000000002               311101      29071100000000140000000000012N080711120000000000010000000000000000000000000000000000000000000000000233479023000180BANCO CITIBANK S/A                      Avenida Paulista, ,1.111-2º andar                   01311920                                                            000013
1                   000902692011248461-1101                   0000000000000001101300000000002               061101      27071100000000140000000000012N080711120000000000010000000000000000000000000000000000000000000000000233479023000180BANCO CITIBANK S/A                      Avenida Paulista, ,1.111-2º andar                   01311920                                                            000014
1                   000902692011248461-1101                   0000000000000001101300000000002               061101      29071100000000140000000000012N080711120000000000010000000000000000000000000000000000000000000000000233479023000180BANCO CITIBANK S/A                      Avenida Paulista, ,1.111-2º andar                   01311920                                                            000015
9                                                                                                                                                                                                                                                                                                                                                                                                         000016