01REMESSA01COBRANCA       00000000000004130991SISTEMA DE CARTóRIO CERTIDõES 237BRADESCO       190911        MX0000439                                                                                                                                                                                                                                                                                     000001
1                   000902692011248461-1676                   0000000000000001676700000000002               011676      20091100000010000000000000012N140911000000000000000000000000000000000000000000000000000000000000000100095744657991ALAN KAMINSKI NASCIMENTO                RUA LUIZ ANTONIO RIBAS CALDAS, 176                  85012300                                                            000002
1                   000902692011248461-1677                   0000000000000001677500000000002               011677      04111100000010000000000000012N140911000000000000000000000000000000000000000000000000000000000000000100095744657991ALAN KAMINSKI NASCIMENTO                RUA LUIZ ANTONIO RIBAS CALDAS, 176                  85012300                                                            000003
1                   000902692011248461-1678                   0000000000000001678300000000002               011678      26091100000000046000000000012N150911120000000000000150000000000000000000000000000000000000000000000200360305159723104 Caixa Econômica Federal             Rua Teodoro Sampaio,  ,429                          05405000                                                            000004
1                   000902692011248461-1679                   0000000000000001679100000000002               011679      26091100000000170000000000012N150911120000000000000570000000000000000000000000000000000000000000000209624793000194BIANCHINI SOCIEDADE DE ADVOGADOS        Avenida Pedroso de Morais,2315                      05419001                                                            000005
1                   000902692011248461-1680                   0000000000000001680500000000002               011680      26091100000000400000000000012N150911120000000000001330000000000000000000000000000000000000000000000200360305025441104 Caixa Econômica Federal             Rua Joaquim Floriano ,446                           04534002                                                            000006
1                   000902692011248461-1681                   0000000000000001681300000000002               011681      26091100000000340000000000012N150911120000000000001130000000000000000000000000000000000000000000000209624793000194BIANCHINI SOCIEDADE DE ADVOGADOS        Avenida Pedroso de Morais,2315                      05419001                                                            000007
1                   000902692011248461-1682                   0000000000000001682100000000002               011682      03101100000000140000000000012N150911120000000000000470000000000000000000000000000000000000000000000209263012000183Fundo de Investimento em Direitos CreditAvenida Paulista ,1499-19º. Andar                   01311200                                                            000008
1                   000902692011248461-1683                   0000000000000001683P00000000002               011683      03101100000000560000000000012N150911120000000000001870000000000000000000000000000000000000000000000208351432000159LIBRO COMPANHIA SECURITIZADORA DE CREDITAvenida Paulista,1499 – 19º. Andar ,1499            01311200                                                            000009
1                   000902692011248461-1684                   0000000000000001684800000000002               011684      26091100000000462000000000012N150911120000000000001540000000000000000000000000000000000000000000000270940994000101PANDURATA ALIMENTOS LTDA.               Rua Fritz Reimann,628-3º andar                      07044020                                                            000010
1                   000902692011248461-1685                   0000000000000001685600000000002               011685      23091100000006000000000000012N150911000000000000000000000000000000000000000000000000000000000000000100063282399120SIRLEY SANTOS NIEMIC                    RUA GOIAS, 1014 E                                   78250000                                                            000011
1                   000902692011248461-1686                   0000000000000001686400000000002               011686      07111100000006000000000000012N150911000000000000000000000000000000000000000000000000000000000000000100063282399120SIRLEY SANTOS NIEMIC                    RUA GOIAS, 1014 E                                   78250000                                                            000012
1                   000902692011248461-1687                   0000000000000001687200000000002               011687      25091100000000285600000000012N150911120000000000000950000000000000000000000000000000000000000000000200360305181656104 Caixa Econômica Federal             Avenida Santo Amaro ,7237                           04701200                                                            000013
1                   000902692011248461-1688                   0000000000000001688000000000002               011688      26091100000000100000000000012N150911120000000000000330000000000000000000000000000000000000000000000200360305025441104 Caixa Econômica Federal             Rua Joaquim Floriano ,446                           04534002                                                            000014
1                   000902692011248461-1689                   0000000000000001689900000000002               011689      26091100000000251680000000012N150911120000000000000840000000000000000000000000000000000000000000000253283180000122Tesheiner Cavassani e Giacomazi AdvogadoRua João Adolfo,118-Conj. 405                       01050020                                                            000015
1                   000902692011248461-1690                   0000000000000001690200000000002               011690      26091100000000172500000000012N160911120000000000000580000000000000000000000000000000000000000000000200360305289937104 Caixa Econômica Federal             Avenida Brigadeiro Luís Antônio,,580                01318000                                                            000016
1                   000902692011248461-1691                   0000000000000001691000000000002               011691      26091100000000040000000000012N160911120000000000000130000000000000000000000000000000000000000000000260701190277670341 Banco Itaú S.A.                     Rua Guaiaúna,280                                    03631000                                                            000017
1                   000902692011248461-1692                   0000000000000001692900000000002               011692      26091100000000140000000000012N160911120000000000000470000000000000000000000000000000000000000000000207523097000166BERNARDI&SCHNAPP ADVOGADOS              Bela Cintra, ,1149-12º andar                        14150001                                                            000018
1                   000902692011248461-1595                   0000000000000001595700000000002               311595      26091100000000060000000000012N050911120000000000010000000000000000000000000000000000000000000000000100011814143858José Antonio de Santana                 Rua Itaguaru,26                                     05205190                                                            000019
1                   000902692011248461-1595                   0000000000000001595700000000002               061595      26091100000000060000000000012N050911120000000000010000000000000000000000000000000000000000000000000100011814143858José Antonio de Santana                 Rua Itaguaru,26                                     05205190                                                            000020
1                   000902692011248461-1346                   0000000000000001346600000000002               021346      15081100000000045000000000012N030811120000000000010000000000000000000000000000000000000000000000000270940994000101PANDURATA ALIMENTOS LTDA.               Rua Fritz Reimann,628                               07044020                                                            000021
1                   000902692011248461-1518                   0000000000000001518300000000002               021518      12091100000000115000000000012N010911120000000000010000000000000000000000000000000000000000000000000209263012000183Fundo de Investimento em Direitos CreditAvenida Paulista ,1499-19º. Andar                   01311200                                                            000022
1                   000902692011248461-1485                   0000000000000001485300000000002               021485      05091100000000120000000000012N260811120000000000010000000000000000000000000000000000000000000000000209263012000183Fundo de Investimento em Direitos CreditAvenida Paulista ,1499-19º. Andar                   01311200                                                            000023
1                   000902692011248461-1488                   0000000000000001488800000000002               021488      05091100000000280000000000012N260811120000000000010000000000000000000000000000000000000000000000000209263012000183Fundo de Investimento em Direitos CreditAvenida Paulista ,1499-19º. Andar                   01311200                                                            000024
1                   000902692011248461-1340                   0000000000000001340700000000002               021340      15081100000000593600000000012N030811120000000000010000000000000000000000000000000000000000000000000209263012000183Fundo de Investimento em Direitos CreditAvenida Paulista,1499 – 19º. Andar ,1499            01311200                                                            000025
1                   000902692011248461-1400                   0000000000000001400400000000002               021400      29081100000000132000000000012N170811120000000000010000000000000000000000000000000000000000000000000100024580950895JOSIMEIRE DA SILVA                      R; DON JOÃO MARIA OGNO,603                          03035050                                                            000026
9                                                                                                                                                                                                                                                                                                                                                                                                         000027