01REMESSA01COBRANCA       00000000000004130991SISTEMA DE CARTóRIO CERTIDõES 237BRADESCO       200911        MX0000441                                                                                                                                                                                                                                                                                     000001
1                   000902692011248461-1699                   0000000000000001699600000000002               011699      30091100000000115000000000012N200911120000000000000380000000000000000000000000000000000000000000000200360305267887104 Caixa Econômica Federal             Rua São Joaquim ,69-5º andar                        01508001                                                            000002
1                   000902692011248461-1700                   0000000000000001700300000000002               011700      30091100000000140000000000012N200911120000000000000470000000000000000000000000000000000000000000000207523097000166BERNARDI&SCHNAPP ADVOGADOS              Bela Cintra, ,1149-12º andar                        14150001                                                            000003
1                   000902692011248461-1701                   0000000000000001701100000000002               011701      30091100000000240000000000012N200911120000000000000800000000000000000000000000000000000000000000000200360305073845104 Caixa Econômica Federal             Rua Campos Sales , ,198                             06401000                                                            000004
1                   000902692011248461-1702                   0000000000000001702P00000000002               011702      10101100000000076000000000012N200911120000000000000250000000000000000000000000000000000000000000000209263012000183Fundo de Investimento em Direitos CreditAvenida Paulista ,1499-19º. Andar                   01311200                                                            000005
1                   000902692011248461-1703                   0000000000000001703800000000002               011703      30091100000000184000000000012N200911120000000000000610000000000000000000000000000000000000000000000100014895091864HECTOR LUIZ QUEIROZ                     Rua Nazaré Prado,300                                04822230                                                            000006
1                   000902692011248461-1704                   0000000000000001704600000000002               011704      30091100000018000000000000012N200911000000000000000000000000000000000000000000000000000000000000000100000000577707ALEXANDRE DE MENDONÇA CAVALCANTI        RUA VISCONDE DE MAUA, 348                           95680000                                                            000007
1                   000902692011248461-1705                   0000000000000001705400000000002               011705      30091100000001000000000000012N200911000000000000000000000000000000000000000000000000000000000000000208991461000185ESTETICA E BELEZA HAIR SPA JANE MUNIZ   RUA DIAS DA CRUZ, 445 SALA 305 E 306                20720010                                                            000008
1                   000902692011248461-1706                   0000000000000001706200000000002               011706      30101100000001000000000000012N200911000000000000000000000000000000000000000000000000000000000000000208991461000185ESTETICA E BELEZA HAIR SPA JANE MUNIZ   RUA DIAS DA CRUZ, 445 SALA 305 E 306                20720010                                                            000009
1                   000902692011248461-1707                   0000000000000001707000000000002               011707      30111100000001000000000000012N200911000000000000000000000000000000000000000000000000000000000000000208991461000185ESTETICA E BELEZA HAIR SPA JANE MUNIZ   RUA DIAS DA CRUZ, 445 SALA 305 E 306                20720010                                                            000010
1                   000902692011248461-1708                   0000000000000001708900000000002               011708      30121100000001000000000000012N200911000000000000000000000000000000000000000000000000000000000000000208991461000185ESTETICA E BELEZA HAIR SPA JANE MUNIZ   RUA DIAS DA CRUZ, 445 SALA 305 E 306                20720010                                                            000011
1                   000902692011248461-1709                   0000000000000001709700000000002               011709      30011200000001000000000000012N200911000000000000000000000000000000000000000000000000000000000000000208991461000185ESTETICA E BELEZA HAIR SPA JANE MUNIZ   RUA DIAS DA CRUZ, 445 SALA 305 E 306                20720010                                                            000012
1                   000902692011248461-1710                   0000000000000001710000000000002               011710      30091100000000476000000000012N200911120000000000001590000000000000000000000000000000000000000000000200360305181656104 Caixa Econômica Federal             Avenida Santo Amaro ,7237                           04701200                                                            000013
1                   000902692011248461-1649                   0000000000000001649P00000000002               021649      13091100000018000000000000012N090911000000000000000000000000000000000000000000000000000000000000000100000000577707ALEXANDRE DE MENDONÇA CAVALCANTI        RUA VISCONDE DE MAUA, 348                           95680000                                                            000014
1                   000902692011248461-1465                   0000000000000001465900000000002               021465      29081100000015000000000000012N240811000000000000000000000000000000000000000000000000000000000000000100030525234810APOLO VENTURA LEMOS                     RUA SANTA CATARINA, 200                             78850000                                                            000015
1                   000902692011248461-1466                   0000000000000001466700000000002               021466      29091100000015000000000000012N240811000000000000000000000000000000000000000000000000000000000000000100030525234810APOLO VENTURA LEMOS                     RUA SANTA CATARINA, 200                             78850000                                                            000016
1                   000902692011248461-1480                   0000000000000001480200000000002               021480      05091100000030000000000000012N250811000000000000000000000000000000000000000000000000000000000000000100019709304821RAFAEL DE BARROS CAMARGO                RUA JOSE BUCCI, 42                                  13482483                                                            000017
1                   000902692011248461-1481                   0000000000000001481000000000002               021481      20101100000030000000000000012N250811000000000000000000000000000000000000000000000000000000000000000100019709304821RAFAEL DE BARROS CAMARGO                RUA JOSE BUCCI, 42                                  13482483                                                            000018
9                                                                                                                                                                                                                                                                                                                                                                                                         000019