01REMESSA01COBRANCA       00000000000004130991SISTEMA DE CARTóRIO CERTIDõES 237BRADESCO       200611        MX0000389                                                                                                                                                                                                                                                                                     000001
1                   000902692011248461-932                    0000000000000000932900000000002               01932       27061100000001702080000000012N170611000000000000005670000000000000000000000000000000000000000000000207058096000198ANA PELLEGRINI ADVOGADOS ASSOCIADOS     Avenida Paulista,1159-Conj. 703 – 7º and            01311200                                                            000002
1                   000902692011248461-933                    0000000000000000933700000000002               01933       27061100000000090000000000012N170611000000000000000300000000000000000000000000000000000000000000000100016866922852HERCULES FRANCISCO DOS ANJOS            Rua Faustino Xavier de Novais,129                   03986230                                                            000003
1                   000902692011248461-934                    0000000000000000934500000000002               01934       27061100000003404160000000012N170611000000000000011350000000000000000000000000000000000000000000000233479023000180CITIBANK RISK MANAGEMENT                Avenida Paulista, nº 1.111, 2º andar,1.1            01311920                                                            000004
1                   000902692011248461-935                    0000000000000000935300000000002               01935       27061100000000143000000000012N170611000000000000000480000000000000000000000000000000000000000000000200873633000104RIVIERA ADMINISTRADORA PATRIMONIAL LTDA RUA RAPHAEL COSTABILE,684                           11250000                                                            000005
1                   000902692011248461-936                    0000000000000000936100000000002               01936       27061100000000240000000000012N170611000000000000000800000000000000000000000000000000000000000000000200360305267887104 Caixa Econômica Federal             Rua São Joaquim ,69-5º andar                        01508001                                                            000006
1                   000902692011248461-902                    0000000000000000902700000000002               02902       24061100000000040000000000012N130611000000000000010000000000000000000000000000000000000000000000000200360305024550104 Caixa Econômica Federal             Avenida Doutor Gastão Vidigal,,1437                 05314000                                                            000007
1                   000902692011248461-730                    0000000000000000730P00000000002               02730       30051100000000085600000000012N180511000000000000010000000000000000000000000000000000000000000000000209263012000183Fundo de Investimento em Direitos CreditAvenida Paulista,1499-19º andar                     01311200                                                            000008
1                   000902692011248461-866                    0000000000000000866700000000002               02866       13061100000000156400000000012N030611000000000000010000000000000000000000000000000000000000000000000209263012000183Fundo de Investimento em Direitos CreditAvenida Paulista,1499-19º andar                     01311200                                                            000009
1                   000902692011248461-877                    0000000000000000877200000000002               06877       21061100000000076000000000012N070611000000000000010000000000000000000000000000000000000000000000000200360305267887104 Caixa Econômica Federal             Rua São Joaquim ,69-5º andar                        01508001                                                            000010
9                                                                                                                                                                                                                                                                                                                                                                                                         000011