01REMESSA01COBRANCA       00000000000004130991SISTEMA DE CARTóRIO CERTIDõES 237BRADESCO       200411        MX0000351                                                                                                                                                                                                                                                                                     000001
1                   000902692011248461-524                    0000000000000000524200000000002               01524       26041100000072000000000000012N190411060500000000000000000000000000000000000000000000000000000000000100075147050400Renato Bezerra Pereira de Melo          Rua Praia de Muriu, 2001- Casa 115                  59151427                                                            000002
1                   000902692011248461-525                    0000000000000000525000000000002               01525       10061100000072000000000000012N190411060500000000000000000000000000000000000000000000000000000000000100075147050400Renato Bezerra Pereira de Melo          Rua Praia de Muriu, 2001- Casa 115                  59151427                                                            000003
1                   000902692011248461-526                    0000000000000000526900000000002               01526       30041100000000927870000000012N200411000000000000003090000000000000000000000000000000000000000000000203723171000137E Cunha Consultoria Empresarial Ltda.   Rua Nova York ,959-conj. 52                         04560002                                                            000004
1                   000902692011248461-527                    0000000000000000527700000000002               01527       30041100000000070000000000012N200411000000000000000230000000000000000000000000000000000000000000000210377191000169ACM  Legalizações Empresariais Ltda. - MAvenida Capitão Mário Toledo de Camargo,            09170150                                                            000005
1                   000902692011248461-528                    0000000000000000528500000000002               01528       30041100000000100000000000012N200411000000000000000330000000000000000000000000000000000000000000000203586507000167J. A. Rezende Advogados Associados      Rua: Libero Badaró, ,471-17° ANDAR                  01009903                                                            000006
1                   000902692011248461-529                    0000000000000000529300000000002               01529       30041100000000187910000000012N200411060500000000000000000000000000000000000000000000000000000000000259285411000113BANCO PANAMERICANO SA                   AV PAULISTA, 2240 SÃO PAULO SP                      01310300                                                            000007
1                   000902692011248461-530                    0000000000000000530700000000002               01530       30041100000000153700000000012N200411000000000000000510000000000000000000000000000000000000000000000201701201033788399 HSBC Bank Brasil S.A. - Banco MultipAvenida Doutor Vital Brasil ,214/216                05503000                                                            000008
1                   000902692011248461-531                    0000000000000000531500000000002               01531       30041100000000120000000000012N200411000000000000000400000000000000000000000000000000000000000000000205888414000112CREAÇÕES MX FASHION LIMITADA            Rua Aimorés - lado par,210                          01122010                                                            000009
9                                                                                                                                                                                                                                                                                                                                                                                                         000010