01REMESSA01COBRANCA       00000000000004130991SISTEMA DE CARTóRIO CERTIDõES 237BRADESCO       201211        MX0000484                                                                                                                                                                                                                                                                                     000001
1                   000902692011248461-2482                   0000000000000002482400000000002               012482      29121100000000207000000000012N191211120000000000000690000000000000000000000000000000000000000000000210377191000169ACM ASSESSORIA CONTABIL LTDA            Avenida Capitão Mário Toledo de Camargo,            09170150                                                            000002
1                   000902692011248461-2483                   0000000000000002483200000000002               012483      29121100000000180000000000012N191211120000000000000600000000000000000000000000000000000000000000000253283180000122Tesheiner Cavassani e Giacomazi AdvogadoRua João Adolfo,118-Conj. 405                       01050020                                                            000003
1                   000902692011248461-2484                   0000000000000002484000000000002               012484      29121100000000340580000000012N191211120000000000001140000000000000000000000000000000000000000000000209624793000194BIANCHINI SOCIEDADE DE ADVOGADOS        Avenida Pedroso de Morais,2315                      05419001                                                            000004
1                   000902692011248461-2485                   0000000000000002485900000000002               012485      29121100000000703780000000012N191211120000000000002350000000000000000000000000000000000000000000000209624793000194BIANCHINI SOCIEDADE DE ADVOGADOS        Avenida Pedroso de Morais,2315                      05419001                                                            000005
1                   000902692011248461-2486                   0000000000000002486700000000002               012486      29121100000000507280000000012N191211120000000000001690000000000000000000000000000000000000000000000209624793000194BIANCHINI SOCIEDADE DE ADVOGADOS        Avenida Pedroso de Morais,2315                      05419001                                                            000006
1                   000902692011248461-2487                   0000000000000002487500000000002               012487      30121100000000210000000000012N201211120000000000000700000000000000000000000000000000000000000000000201190978000126ITALIA COMERCIAL TEXTIL LTDA ME         Rua Almirante Barroso ,308                          03025000                                                            000007
1                   000902692011248461-2488                   0000000000000002488300000000002               012488      30121100000000100000000000012N201211120000000000000330000000000000000000000000000000000000000000000100018675948891GERALDO ALOISIO BORGES TAVARES          Rua Anatalícia Ferreira Silva (Jd C Líba            04710060                                                            000008
1                   000902692011248461-2489                   0000000000000002489100000000002               012489      30121100000000407260000000012N201211120000000000001360000000000000000000000000000000000000000000000209624793000194BIANCHINI SOCIEDADE DE ADVOGADOS        Avenida Pedroso de Morais,2315                      05419001                                                            000009
1                   000902692011248461-2490                   0000000000000002490500000000002               012490      30121100000000100000000000012N201211120000000000000330000000000000000000000000000000000000000000000200360305025441104 Caixa Econômica Federal             RUA: Joaquim Floriano, ,446                         04534002                                                            000010
1                   000902692011248461-2491                   0000000000000002491300000000002               012491      30121100000000520000000000012N201211120000000000001730000000000000000000000000000000000000000000000262232889000190Banco Daycoval S/A                      Avenida Paulista,1793-02º Andar                     01311200                                                            000011
1                   000902692011248461-2492                   0000000000000002492100000000002               012492      30121100000000140000000000012N201211120000000000000470000000000000000000000000000000000000000000000201029445000167Escritorio de Advocacia Vieira de Mello Rua Líbero Badaró,425                               01090000                                                            000012
1                   000902692011248461-2493                   0000000000000002493P00000000002               012493      04011200000000255300000000012N201211120000000000000850000000000000000000000000000000000000000000000270940994000101PANDURATA ALIMENTOS LTDA.               Rua Fritz Reimann,628-3º andar                      07044020                                                            000013
1                   000902692011248461-2494                   0000000000000002494800000000002               012494      04011200000000503940000000012N201211120000000000001680000000000000000000000000000000000000000000000233479023000180BANCO CITIBANK S.A                      Avenida Paulista,,1.111-2º andar                    01311920                                                            000014
1                   000902692011248461-2495                   0000000000000002495600000000002               012495      27121100000040000000000000012N201211000000000000000000000000000000000000000000000000000000000000000100027402860582MARCIO LARA MEDRADO                     RUA BELA VISTA DO GOIAS, 18 CASA 01                 44082080                                                            000015
1                   000902692011248461-2414                   0000000000000002414P00000000002               022414      23121100000000115000000000012N071211120000000000010000000000000000000000000000000000000000000000000209263012000183Fundo de Investimento em Direitos CreditAvenida Paulista ,1499-19º. Andar                   01311200                                                            000016
1                   000902692011248461-2447                   0000000000000002447600000000002               022447      20121100000040000000000000012N131211000000000000000000000000000000000000000000000000000000000000000100027402860582MARCIO LARA MEDRADO                     RUA BELA VISTA DO GOIAS, 18 CASA 01                 44082080                                                            000017
9                                                                                                                                                                                                                                                                                                                                                                                                         000018