01REMESSA01COBRANCA       00000000000004130991SISTEMA DE CARTóRIO CERTIDõES 237BRADESCO       201011        MX0000458                                                                                                                                                                                                                                                                                     000001
1                   000902692011248461-1966                   0000000000000001966900000000002               011966      25101100000020000000000000012N201011000000000000000000000000000000000000000000000000000000000000000100002434151922RODRIGO SAAD VARGAS                     RUA ESTHER KEMMELMEIER, 162                         84050030                                                            000002
1                   000902692011248461-1967                   0000000000000001967700000000002               011967      12121100000020000000000000012N201011000000000000000000000000000000000000000000000000000000000000000100002434151922RODRIGO SAAD VARGAS                     RUA ESTHER KEMMELMEIER, 162                         84050030                                                            000003
1                   000902692011248461-1968                   0000000000000001968500000000002               011968      25101100000020000000000000012N201011000000000000000000000000000000000000000000000000000000000000000100022008371867RAFAEL MARQUES DE SOUZA PORTARE         RUA GINO TREVISAN, 546                              16204251                                                            000004
1                   000902692011248461-1969                   0000000000000001969300000000002               011969      31101100000000040250000000012N201011120000000000000130000000000000000000000000000000000000000000000210377191000169ACM  Legalizações Empresariais Ltda. - MAvenida Capitão Mário Toledo de Camargo,            09170150                                                            000005
1                   000902692011248461-1756                   0000000000000001756900000000002               021756      17101100000000520000000000012N260911120000000000010000000000000000000000000000000000000000000000000209263012000183Fundo de Investimento em Direitos CreditAvenida Paulista ,1499-19º. Andar                   01311200                                                            000006
9                                                                                                                                                                                                                                                                                                                                                                                                         000007