01REMESSA01COBRANCA       00000000000004130991SISTEMA DE CARTóRIO CERTIDõES 237BRADESCO       200511        MX0000368                                                                                                                                                                                                                                                                                     000001
1                   000902692011248461-741                    0000000000000000741500000000002               01741       24051100000005000000000000012N190511000000000000000000000000000000000000000000000000000000000000000100003433865698Sidney Souto Brabosa                    Rua Niceu Lopes Silva, 184                          39401070                                                            000002
1                   000902692011248461-742                    0000000000000000742300000000002               01742       25051100000005000000000000012N190511000000000000000000000000000000000000000000000000000000000000000100003433865698Sidney Souto Brabosa                    Rua Niceu Lopes Silva, 184                          39401070                                                            000003
1                   000902692011248461-743                    0000000000000000743100000000002               01743       26051100000005000000000000012N190511000000000000000000000000000000000000000000000000000000000000000100003433865698Sidney Souto Brabosa                    Rua Niceu Lopes Silva, 184                          39401070                                                            000004
1                   000902692011248461-744                    0000000000000000744P00000000002               01744       27051100000005000000000000012N190511000000000000000000000000000000000000000000000000000000000000000100003433865698Sidney Souto Brabosa                    Rua Niceu Lopes Silva, 184                          39401070                                                            000005
1                   000902692011248461-745                    0000000000000000745800000000002               01745       23051100000025000000000000012N190511000000000000000000000000000000000000000000000000000000000000000100008140371785MURILO PROVENÇANO DOS REIS LEAL         RUA DR. MARIO GUIMARAES, 239                        26255230                                                            000006
1                   000902692011248461-746                    0000000000000000746600000000002               01746       30051100000000100000000000012N190511000000000000000330000000000000000000000000000000000000000000000207624487000122GL2 NACIONAL REPRESENTAÇÕES LTDA        Rua Frei Caneca,30-Conj. 08                         06706015                                                            000007
1                   000902692011248461-747                    0000000000000000747400000000002               01747       06061100000001477500000000012N190511000000000000004930000000000000000000000000000000000000000000000100049719106891MARCOS NABARRO                          Rua Maracá,381-Apto. 81                             04313210                                                            000008
1                   000902692011248461-748                    0000000000000000748200000000002               01748       30051100000000150000000000012N200511000000000000000500000000000000000000000000000000000000000000000203586507000167J. A. Rezende Advogados Associados      Rua: Libero Badaró, ,471-17° ANDAR                  01009903                                                            000009
1                   000902692011248461-749                    0000000000000000749000000000002               01749       30051100000001626240000000012N200511000000000000005420000000000000000000000000000000000000000000000203723171000137E Cunha Consultoria Empresarial Ltda.   Rua Nova York ,959-conj. 52                         04560002                                                            000010
1                   000902692011248461-750                    0000000000000000750400000000002               01750       30051100000000380800000000012N200511000000000000001270000000000000000000000000000000000000000000000200360305181656104 Caixa Econômica Federal             Avenida Santo Amaro ,7237                           04701200                                                            000011
1                   000902692011248461-751                    0000000000000000751200000000002               01751       30051100000001237600000000012N200511000000000000004130000000000000000000000000000000000000000000000200360305024550104 Caixa Econômica Federal             Avenida Doutor Gastão Vidigal,,1437                 05314000                                                            000012
1                   000902692011248461-672                    0000000000000000672900000000002               06672       27051100000000091100000000012N090511120000000000000000000000000000000000000000000000000000000000000100069344116504M.A. MUNIZ SANTOS - ME                  AV. LIMEIRA, 722 - LOJA C44                         13414900                                                            000013
1                   000902692011248461-672                    0000000000000000672900000000002               31672       27051100000000091100000000012N090511120000000000000000000000000000000000000000000000000000000000000100069344116504M.A. MUNIZ SANTOS - ME                  AV. LIMEIRA, 722 - LOJA C44                         13414900                                                            000014
1                   000902692011248461-212                    0000000000000000212P00000000002               02212       25031100000016000000000000012N150311000000000000000000000000000000000000000000000000000000000000000100012682888534Maria da Conceição Barreto Alves Souza  Av: Beira Mar                                       49025040                                                            000015
1                   000902692011248461-213                    0000000000000000213800000000002               02213       15041100000064000000000000012N150311000000000000000000000000000000000000000000000000000000000000000100012682888534Maria da Conceição Barreto Alves Souza  Av: Beira Mar                                       49025040                                                            000016
1                   000902692011248461-214                    0000000000000000214600000000002               02214       01061100000010000000000000012N150311000000000000000000000000000000000000000000000000000000000000000100012682888534Maria da Conceição Barreto Alves Souza  Av: Beira Mar                                       49025040                                                            000017
1                   000902692011248461-215                    0000000000000000215400000000002               02215       01071100000010000000000000012N150311000000000000000000000000000000000000000000000000000000000000000100012682888534Maria da Conceição Barreto Alves Souza  Av: Beira Mar                                       49025040                                                            000018
1                   000902692011248461-650                    0000000000000000650800000000002               02650       14051100000001326800000000012N040511000000000000010000000000000000000000000000000000000000000000000233479023000180CITIBANK RISK MANAGEMENT                Avenida Paulista, nº 1.111, 2º andar,1.1            01311920                                                            000019
1                   000902692011248461-720                    0000000000000000720200000000002               02720       27051100000000191000000000012N170511000000000000010000000000000000000000000000000000000000000000000100098593234615COSMI CARDOSO                           Rua General Pinheiro Machado,171                    07911160                                                            000020
9                                                                                                                                                                                                                                                                                                                                                                                                         000021