01REMESSA01COBRANCA       00000000000004130991SISTEMA DE CARTóRIO CERTIDõES 237BRADESCO       211111        MX0000471                                                                                                                                                                                                                                                                                     000001
1                   000902692011248461-2230                   0000000000000002230900000000002               012230      05121100000001680000000000012N171111120000000000005600000000000000000000000000000000000000000000000207964366000120FUNDO DE INVESTIMENTO EM DIREITOS CREDITAvenida Paulista ,1499-19º andar                    01311200                                                            000002
1                   000902692011248461-2231                   0000000000000002231700000000002               012231      28111100000000155000000000012N171111120000000000000520000000000000000000000000000000000000000000000200360305267887104 Caixa Econômica Federal             Rua São Joaquim,,69-5º andar                        01508000                                                            000003
1                   000902692011248461-2232                   0000000000000002232500000000002               012232      28111100000000356000000000012N171111120000000000001190000000000000000000000000000000000000000000000200360305073845104 Caixa Econômica Federal             Rua Campos Sales,,198                               06401000                                                            000004
1                   000902692011248461-2233                   0000000000000002233300000000002               012233      05121100000001379000000000012N171111120000000000004600000000000000000000000000000000000000000000000233479023000180CITIBANK RISK MANAGEMENT                Avenida Paulista, nº 1.111, 2º andar,1.1            01311920                                                            000005
1                   000902692011248461-2234                   0000000000000002234100000000002               012234      28111100000000207000000000012N171111120000000000000690000000000000000000000000000000000000000000000210377191000169ACM  Legalizações Empresariais Ltda. - MAvenida Capitão Mário Toledo de Camargo,            09170150                                                            000006
1                   000902692011248461-2235                   0000000000000002235P00000000002               012235      28111100000000103500000000012N181111120000000000000350000000000000000000000000000000000000000000000210377191000169ACM ASSESSORIA CONTABIL LTDA            Avenida Capitão Mário Toledo de Camargo,            09170150                                                            000007
1                   000902692011248461-2236                   0000000000000002236800000000002               012236      28111100000000100000000000012N181111120000000000000330000000000000000000000000000000000000000000000208679884000164FARES HALABIYAH JUNIOR - ME             Rua Itinguçu ,2413                                  03658001                                                            000008
1                   000902692011248461-2237                   0000000000000002237600000000002               012237      28111100000000440600000000012N181111120000000000001470000000000000000000000000000000000000000000000209624793000194BIANCHINI SOCIEDADE DE ADVOGADOS        Avenida Pedroso de Morais,2315                      05419001                                                            000009
1                   000902692011248461-2238                   0000000000000002238400000000002               012238      28111100000000860890000000012N181111120000000000002870000000000000000000000000000000000000000000000200360305196920104 Caixa Econômica Federal             Alameda Araguaia, 370/380,370/380                   06454400                                                            000010
1                   000902692011248461-2239                   0000000000000002239200000000002               012239      28111100000000368000000000012N181111120000000000001230000000000000000000000000000000000000000000000200360305073845104 Caixa Econômica Federal             Rua Campos Sales ,198                               06401000                                                            000011
1                   000902692011248461-2240                   0000000000000002240600000000002               012240      28111100000000076000000000012N181111120000000000000250000000000000000000000000000000000000000000000200360305267887104 Caixa Econômica Federal             Rua São Joaquim,,69-5º andar                        01508000                                                            000012
1                   000902692011248461-2241                   0000000000000002241400000000002               012241      28111100000000076000000000012N181111120000000000000250000000000000000000000000000000000000000000000200360305267887104 Caixa Econômica Federal             Rua São Joaquim,,69-5º andar                        01508000                                                            000013
1                   000902692011248461-2242                   0000000000000002242200000000002               012242      28111100000000080500000000012N181111120000000000000270000000000000000000000000000000000000000000000210377191000169ACM ASSESSORIA CONTABIL LTDA            Avenida Capitão Mário Toledo de Camargo,            09170150                                                            000014
1                   000902692011248461-2243                   0000000000000002243000000000002               012243      05011200000020000000000000012N181111000000000000000000000000000000000000000000000000000000000000000100064925285149ANA KARINA LOPES BARBOSA                RUA 255, 935 - QUADRA 02 - LOTE 117                 74533150                                                            000015
1                   000902692011248461-2244                   0000000000000002244900000000002               012244      05021200000020000000000000012N181111000000000000000000000000000000000000000000000000000000000000000100064925285149ANA KARINA LOPES BARBOSA                RUA 255, 935 - QUADRA 02 - LOTE 117                 74533150                                                            000016
1                   000902692011248461-1989                   0000000000000001989800000000002               021989      03111100000000250000000000012N241011120000000000010000000000000000000000000000000000000000000000000100000684995824FLAVIO NAVARRO                          Rua São Serapião,1075                               03664000                                                            000017
9                                                                                                                                                                                                                                                                                                                                                                                                         000018