01REMESSA01COBRANCA       00000000000004130991SISTEMA DE CARTóRIO CERTIDõES 237BRADESCO       210311        MX0000334                                                                                                                                                                                                                                                                                     000001
1                   000902692011248461-247                    0000000000000000247200000000002               01247       24031100000005000000000000012N180311060500000000000000000000000000000000000000000000000000000000000100007318414763MARCOS VENICIUS DA SILVA PADUA          RUA CANDIDO FROES, 64 ITAPERUNA (RJ)                28300000                                                            000002
1                   000902692011248461-248                    0000000000000000248000000000002               01248       28031100000004213040000000012N180311000000000000010000000000000000000000000000000000000000000000000292894922000108BANCO MATONE (Núcleo Consignado RJ - MatAvenida Rio Branco,80-8º  e 9º andar                20040070                                                            000003
1                   000902692011248461-249                    0000000000000000249900000000002               01249       27031100000000491320000000012N180311060500000000000000000000000000000000000000000000000000000000000259285411000113BANCO PANAMERICANO S/A                  AV PAULISTA, 2240 SÃO PAULO SP                      01003000                                                            000004
1                   000902692011248461-250                    0000000000000000250200000000002               01250       28031100000000078200000000012N180311000000000000010000000000000000000000000000000000000000000000000200360305267887104 Caixa Econômica Federal             Rua São Joaquim ,69-5º andar                        01508001                                                            000005
1                   000902692011248461-251                    0000000000000000251000000000002               01251       28031100000000078200000000012N180311000000000000010000000000000000000000000000000000000000000000000200360305267887104 Caixa Econômica Federal             Rua São Joaquim ,69-5º andar                        01508001                                                            000006
1                   000902692011248461-252                    0000000000000000252900000000002               01252       28031100000000078200000000012N180311000000000000010000000000000000000000000000000000000000000000000200360305267887104 Caixa Econômica Federal             Rua São Joaquim ,69-5º andar                        01508001                                                            000007
1                   000902692011248461-253                    0000000000000000253700000000002               01253       28031100000000540000000000012N180311000000000000010000000000000000000000000000000000000000000000000203723171000137E Cunha Consultoria Empresarial Ltda.   Rua Nova York ,959-conj. 52                         04560002                                                            000008
1                   000902692011248461-254                    0000000000000000254500000000002               01254       28031100000000050000000000012N180311000000000000010000000000000000000000000000000000000000000000000208603317000124ACE RASTREDORES LTDA ME                 Rua Vera Paranaguá de Souza Dantas,91               05565220                                                            000009
1                   000902692011248461-255                    0000000000000000255300000000002               01255       28031100000000029000000000012N180311000000000000010000000000000000000000000000000000000000000000000210377191000169ACM  Legalizações Empresariais Ltda. - MAvenida Capitão Mário Toledo de Camargo,            09170150                                                            000010
1                   000902692011248461-256                    0000000000000000256100000000002               01256       28031100000000127000000000012N180311000000000000010000000000000000000000000000000000000000000000000203723171000137E Cunha Consultoria Empresarial Ltda.   Rua Nova York ,959-conj. 52                         04560002                                                            000011
1                   000902692011248461-257                    0000000000000000257P00000000002               01257       28031100000000085600000000012N180311000000000000010000000000000000000000000000000000000000000000000200360305267887104 Caixa Econômica Federal             Rua São Joaquim ,69-5º andar                        01508001                                                            000012
1                   000902692011248461-258                    0000000000000000258800000000002               01258       28031100000008931490000000012N180311000000000000010000000000000000000000000000000000000000000000000292894922000108BANCO MATONE (Núcleo Consignado RJ - MatAvenida Rio Branco,80-8º  e 9º andar                20040070                                                            000013
1                   000902692011248461-259                    0000000000000000259600000000002               01259       31031100000000070000000000012N210311000000000000010000000000000000000000000000000000000000000000000207451687000120TOURNAI ADMINISTRAÇÃO E PARTICIPAÇÕES LTRua Guilherme Bannitz,90-sala 91                    04532060                                                            000014
1                   000902692011248461-260                    0000000000000000260P00000000002               01260       31031100000000043000000000012N210311000000000000010000000000000000000000000000000000000000000000000210377191000169ACM  Legalizações Empresariais Ltda. - MAvenida Capitão Mário Toledo de Camargo,            09170150                                                            000015
1                   000902692011248461-149                    0000000000000000149200000000002               02149       12031100000000135000000000012N020311000000000000010000000000000000000000000000000000000000000000000251757300000150Flytour Travel Solution                 Avenida Juruá,461                                   06455010                                                            000016
9                                                                                                                                                                                                                                                                                                                                                                                                         000017