01REMESSA01COBRANCA       00000000000004130991SISTEMA DE CARTóRIO CERTIDõES 237BRADESCO       210911        MX0000442                                                                                                                                                                                                                                                                                     000001
1                   000902692011248461-1650                   0000000000000001650300000000002               021650      22091100000000154000000000012N120911120000000000010000000000000000000000000000000000000000000000000270940994000101PANDURATA ALIMENTOS LTDA.               Rua Fritz Reimann,628-3º andar                      07044020                                                            000002
1                   000902692011248461-1684                   0000000000000001684800000000002               061684      28091100000000462000000000012N150911120000000000010000000000000000000000000000000000000000000000000270940994000101PANDURATA ALIMENTOS LTDA.               Rua Fritz Reimann,628-3º andar                      07044020                                                            000003
1                   000902692011248461-1391                   0000000000000001391100000000002               021391      25081100000000290000000000012N150811120000000000010000000000000000000000000000000000000000000000000200360305196920104 Caixa Econômica Federal             Alameda Araguaia, 370/380,370/380                   06454400                                                            000004
9                                                                                                                                                                                                                                                                                                                                                                                                         000005