01REMESSA01COBRANCA       00000000000004130991SISTEMA DE CARTóRIO CERTIDõES 237BRADESCO       211211        MX0000485                                                                                                                                                                                                                                                                                     000001
1                   000902692011248461-2496                   0000000000000002496400000000002               012496      02011200000000300000000000012N211211120000000000001000000000000000000000000000000000000000000000000200360305025441104 Caixa Econômica Federal             RUA: Joaquim Floriano, ,446                         04534002                                                            000002
1                   000902692011248461-2497                   0000000000000002497200000000002               012497      05011200000000478000000000012N211211120000000000001590000000000000000000000000000000000000000000000209263012000183Fundo de Investimento em Direitos CreditAvenida Paulista,1499-19º. Andar                    01311200                                                            000003
9                                                                                                                                                                                                                                                                                                                                                                                                         000004