01REMESSA01COBRANCA       00000000000004130991SISTEMA DE CARTóRIO CERTIDõES 237BRADESCO       210711        MX0000407                                                                                                                                                                                                                                                                                     000001
1                   000902692011248461-1170                   0000000000000001170600000000002               011170      29071100000001500000000000012N190711120000000000005000000000000000000000000000000000000000000000000209263012000183Fundo de Investimento em Direitos CreditAvenida Paulista,1499-19º. Andar                    01311200                                                            000002
1                   000902692011248461-1171                   0000000000000001171400000000002               011171      29071100000000148400000000012N190711120000000000000490000000000000000000000000000000000000000000000200360305267887104 Caixa Econômica Federal             Rua São Joaquim ,69-5º andar                        01508001                                                            000003
1                   000902692011248461-1173                   0000000000000001173000000000002               011173      31071100000000179000000000012N200711120000000000000600000000000000000000000000000000000000000000000100041966511515MANOEL ANTONIO DA ROCHA                 Rua José Pedro Correia,144                          09330560                                                            000004
1                   000902692011248461-1174                   0000000000000001174900000000002               011174      31071100000000132000000000012N200711120000000000000440000000000000000000000000000000000000000000000100006096351824AMARILDO PITTA                          RUA: IDIALOPOLIS,227                                09950580                                                            000005
1                   000902692011248461-1175                   0000000000000001175700000000002               011175      30071100000001103200000000012N200711120000000000003680000000000000000000000000000000000000000000000217184037010506389 Banco Mercantil do Brasil S.A.      Avenida Paulista ,923                               01311100                                                            000006
1                   000902692011248461-1176                   0000000000000001176500000000002               011176      31071100000000744660000000012N200711120000000000002480000000000000000000000000000000000000000000000258616418000108Banco Fibra S/A                         Avenida Presidente Juscelino Kubitschek             04543000                                                            000007
1                   000902692011248461-1177                   0000000000000001177300000000002               011177      31071100000000078200000000012N200711120000000000000260000000000000000000000000000000000000000000000200360305267887104 Caixa Econômica Federal             Rua São Joaquim ,69-5º andar                        01508001                                                            000008
1                   000902692011248461-1178                   0000000000000001178100000000002               011178      31071100000000030000000000012N200711120000000000000100000000000000000000000000000000000000000000000208344024000170GAE CONFECÇÕES DE ROUPAS LTDA EPP       Rua Mendes Júnior,539                               03013010                                                            000009
1                   000902692011248461-1179                   0000000000000001179P00000000002               011179      27071100000024700000000000012N200711000000000000000000000000000000000000000000000000000000000000000100014249418812REINALDO JOSE VENANCIO JUNIOR           RUA HAITI, 129                                      09280390                                                            000010
1                   000902692011248461-1180                   0000000000000001180300000000002               011180      12091100000024700000000000012N200711000000000000000000000000000000000000000000000000000000000000000100014249418812REINALDO JOSE VENANCIO JUNIOR           RUA HAITI, 129                                      09280390                                                            000011
1                   000902692011248461-1181                   0000000000000001181100000000002               011181      31071100000000217230000000012N200711120000000000000720000000000000000000000000000000000000000000000201318126000171DR RAMOS ADVOGADOS ASSOCIADOS.          Rua Voluntários da Pátria ,2540                     02402000                                                            000012
1                   000902692011248461-1182                   0000000000000001182P00000000002               011182      01081100000000200000000000012N210711120000000000000670000000000000000000000000000000000000000000000200360305407131104 Caixa Econômica Federal             Estrada de Itapecerica,3429                         05835000                                                            000013
1                   000902692011248461-1183                   0000000000000001183800000000002               011183      01081100000000060000000000012N210711120000000000000200000000000000000000000000000000000000000000000208344024000170GAE CONFECÇÕES DE ROUPAS LTDA EPP       Rua Mendes Júnior,539                               03013010                                                            000014
1                   000902692011248461-1184                   0000000000000001184600000000002               011184      01081100000000420000000000012N210711120000000000001400000000000000000000000000000000000000000000000201701201000189HSBC Bank Brasil S.A. - Banco Multiplo -Rua Doutor Seidel,nº 425,425                        05315000                                                            000015
1                   000902692011248461-1185                   0000000000000001185400000000002               011185      01081100000001252920000000012N210711120000000000004180000000000000000000000000000000000000000000000200360305159723104 Caixa Econômica Federal             Rua Teodoro Sampaio,  ,429                          05405000                                                            000016
1                   000902692011248461-1074                   0000000000000001074200000000002               061074      29071100000000050000000000012N050711120000000000010000000000000000000000000000000000000000000000000200360305116676104 Caixa Econômica Federal             Avenida Carlos de Campos,,160                       03028000                                                            000017
1                   000902692011248461-986                    0000000000000000986800000000002               02986       15071100000000140000000000012N290611120000000000010000000000000000000000000000000000000000000000000209263012000183Fundo de Investimento em Direitos CreditAvenida Paulista,1499 ,1499-19º andar               01311200                                                            000018
9                                                                                                                                                                                                                                                                                                                                                                                                         000019