01REMESSA01COBRANCA       00000000000004130991SISTEMA DE CARTóRIO CERTIDõES 237BRADESCO       220311        MX0000335                                                                                                                                                                                                                                                                                     000001
1                   000902692011248461-261                    0000000000000000261800000000002               01261       31031100000000180000000000012N210311000000000000010000000000000000000000000000000000000000000000000205341148000103FUSÃO SOLUÇÕES PARA MEDICINA LTDA       Rua Funchal,538-CJ 115                              04551060                                                            000002
1                   000902692011248461-262                    0000000000000000262600000000002               01262       31031100000000125000000000012N210311000000000000010000000000000000000000000000000000000000000000000208603317000124ACE RASTREDORES LTDA ME                 Rua Vera Paranaguá de Souza Dantas,91               05565220                                                            000003
1                   000902692011248461-263                    0000000000000000263400000000002               01263       31031100000000210000000000012N210311000000000000010000000000000000000000000000000000000000000000000200360305024550104 Caixa Econômica Federal             Avenida Doutor Gastão Vidigal,1437,1437             05314000                                                            000004
1                   000902692011248461-264                    0000000000000000264200000000002               01264       31031100000000078200000000012N210311000000000000010000000000000000000000000000000000000000000000000200360305267887104 Caixa Econômica Federal             Rua São Joaquim ,69-5º andar                        01508001                                                            000005
1                   000902692011248461-265                    0000000000000000265000000000002               01265       31031100000000078200000000012N210311000000000000010000000000000000000000000000000000000000000000000200360305267887104 Caixa Econômica Federal             Rua São Joaquim ,69-5º andar                        01508001                                                            000006
1                   000902692011248461-266                    0000000000000000266900000000002               01266       31031100000000420000000000012N210311000000000000010000000000000000000000000000000000000000000000000200360305025441104 Caixa Econômica Federal             RUA: Joaquim Floriano, 446,446                      04534002                                                            000007
1                   000902692011248461-267                    0000000000000000267700000000002               01267       31031100000000029000000000012N210311000000000000010000000000000000000000000000000000000000000000000210377191000169ACM  Legalizações Empresariais Ltda. - MAvenida Capitão Mário Toledo de Camargo,            09170150                                                            000008
1                   000902692011248461-268                    0000000000000000268500000000002               01268       31031100000000085600000000012N210311000000000000010000000000000000000000000000000000000000000000000203723171000137E Cunha Consultoria Empresarial Ltda.   Rua Nova York ,959-conj. 52                         04560002                                                            000009
1                   000902692011248461-269                    0000000000000000269300000000002               01269       01041100000000270000000000012N220311000000000000010000000000000000000000000000000000000000000000000251757300000150Flytour Travel Solution                 Avenida Juruá,461                                   06455010                                                            000010
1                   000902692011248461-270                    0000000000000000270700000000002               01270       01041100000000788000000000012N220311000000000000010000000000000000000000000000000000000000000000000200360305181656104 Caixa Econômica Federal             Avenida Santo Amaro ,7237                           04701200                                                            000011
1                   000902692011248461-99                     0000000000000000099200000000002               0699        22031100000000121950000000012N010311000000000000010000000000000000000000000000000000000000000000000111864024000105AGICART - SERVIÇOS DOCUMENTALISTAS INTERRua Afonso Pena,5-47                                17060250Protesto após 5 dias                                        000012
1                   000902692011248461-99                     0000000000000000099200000000002               3199        22031100000000121950000000012N010311000000000000010000000000000000000000000000000000000000000000000111864024000105AGICART - SERVIÇOS DOCUMENTALISTAS INTERRua Afonso Pena,5-47                                17060250Protesto após 5 dias                                        000013
1                   000902692011248461-129                    0000000000000000129800000000002               06129       23031100000000586030000000012N010311000000000000010000000000000000000000000000000000000000000000000108854020000131M.V. FRANZOSO – SOLUCOES EMPRESARIAIS – Rua Rio Branco,483                                  09710090Protesto após 5 dias                                        000014
1                   000902692011248461-129                    0000000000000000129800000000002               31129       23031100000000586030000000012N010311000000000000010000000000000000000000000000000000000000000000000108854020000131M.V. FRANZOSO – SOLUCOES EMPRESARIAIS – Rua Rio Branco,483                                  09710090Protesto após 5 dias                                        000015
1                   000902692011248461-21                     0000000000000000021600000000002               0221        08021100000000041500000000012N020211000000000000010000000000000000000000000000000000000000000000000111619454000161ASSESSORIA CARTORÁRIA DO NORDESTE LTDA  Av. Moreira e Silva,821A                            57051500                                                            000016
9                                                                                                                                                                                                                                                                                                                                                                                                         000017