01REMESSA01COBRANCA       00000000000004130991SISTEMA DE CARTÛRIO CERTIDıES 237BRADESCO       220711        MX0000408                                                                                                                                                                                                                                                                                     000001
1                   000902692011248461-1186                   0000000000000001186200000000002               011186      30081100000025000000000000012N220711000000000000000000000000000000000000000000000000000000000000000100011698977700SUELI DE PAULA FRANCA                   RUA ALAOR QUEIROZ DE ARAUJO, 115 AP 401             29060370                                                            000002
1                   000902692011248461-1187                   0000000000000001187000000000002               011187      30091100000025000000000000012N220711000000000000000000000000000000000000000000000000000000000000000100011698977700SUELI DE PAULA FRANCA                   RUA ALAOR QUEIROZ DE ARAUJO, 115 AP 401             29060370                                                            000003
1                   000902692011248461-1188                   0000000000000001188900000000002               011188      30101100000025000000000000012N220711000000000000000000000000000000000000000000000000000000000000000100011698977700SUELI DE PAULA FRANCA                   RUA ALAOR QUEIROZ DE ARAUJO, 115 AP 401             29060370                                                            000004
9                                                                                                                                                                                                                                                                                                                                                                                                         000005