01REMESSA01COBRANCA       00000000000004130991SISTEMA DE CARTÛRIO CERTIDıES 237BRADESCO       221111        MX0000472                                                                                                                                                                                                                                                                                     000001
1                   000902692011248461-2169                   0000000000000002169800000000002               062169      25111100000020000000000000012N101111000000000000000000000000000000000000000000000000000000000000000100014249418812REINALDO JOSE VENANCIO JUNIOR           RUA HAITI, 129                                      09280290                                                            000002
1                   000902692011248461-2178                   0000000000000002178700000000002               062178      25111100000014000000000000012N101111000000000000000000000000000000000000000000000000000000000000000100014249418812REINALDO JOSE VENANCIO JUNIOR           RUA HAITI, 129                                      09280290                                                            000003
9                                                                                                                                                                                                                                                                                                                                                                                                         000004