01REMESSA01COBRANCA       00000000000004130991SISTEMA DE CARTóRIO CERTIDõES 237BRADESCO       220911        MX0000443                                                                                                                                                                                                                                                                                     000001
1                   000902692011248461-1711                   0000000000000001711900000000002               011711      03101100000000050000000000012N220911120000000000000170000000000000000000000000000000000000000000000100016874836803MARCO ANTONIO VISTUE DOS SANTOS         Rua Henrique Dias,263                               03009020                                                            000002
1                   000902692011248461-1712                   0000000000000001712700000000002               011712      03101100000000240000000000012N2209111200000000000008000000000000000000000000000000000000000000000002003603054012814012 - CAIXA ECONOMICA FEDERAL - SR PENHAv. Amador Bueno da Veiga,1963-1º andar             03635001                                                            000003
1                   000902692011248461-1713                   0000000000000001713500000000002               011713      03101100000000560000000000012N220911120000000000001870000000000000000000000000000000000000000000000262232889000190Banco Daycoval S/A                      Avenida Paulista ,1793-02º Andar                    01311200                                                            000004
1                   000902692011248461-1714                   0000000000000001714300000000002               011714      03101100000000120000000000012N220911120000000000000400000000000000000000000000000000000000000000000200360305122137104 Caixa Econômica Federal             AV: Professor Francisco Morato,,1415                05513100                                                            000005
1                   000902692011248461-1715                   0000000000000001715100000000002               011715      03101100000000170000000000012N220911120000000000000570000000000000000000000000000000000000000000000209624793000194BIANCHINI SOCIEDADE DE ADVOGADOS        Avenida Pedroso de Morais,2315                      05419001                                                            000006
1                   000902692011248461-1716                   0000000000000001716P00000000002               011716      03101100000000120000000000012N220911120000000000000400000000000000000000000000000000000000000000000203586507000167J. A. Rezende advogados associados      Rua: Libero Badaró, ,471-17° ANDAR                  01009903                                                            000007
1                   000902692011248461-1717                   0000000000000001717800000000002               011717      03101100000000200000000000012N220911120000000000000670000000000000000000000000000000000000000000000217184037019724389 Banco Mercantil do Brasil S.A.      Rua Capitão Gabriel,235                             07011010                                                            000008
1                   000902692011248461-1718                   0000000000000001718600000000002               011718      03101100000000170000000000012N220911120000000000000570000000000000000000000000000000000000000000000209624793000194BIANCHINI SOCIEDADE DE ADVOGADOS        Avenida Pedroso de Morais,2315                      05419001                                                            000009
9                                                                                                                                                                                                                                                                                                                                                                                                         000010