01REMESSA01COBRANCA       00000000000004130991SISTEMA DE CARTóRIO CERTIDõES 237BRADESCO       220811        MX0000427                                                                                                                                                                                                                                                                                     000001
1                   000902692011248461-1416                   0000000000000001416000000000002               011416      01091100000001810430000000012N220811120000000000006030000000000000000000000000000000000000000000000217184037019724389 Banco Mercantil do Brasil S.A.      Rua Capitão Gabriel,235                             07011010                                                            000002
1                   000902692011248461-1417                   0000000000000001417900000000002               011417      01091100000000240000000000012N220811120000000000000800000000000000000000000000000000000000000000000200360305308826104 Caixa Econômica Federal             Rua Estuário, ,36                                   04645100                                                            000003
1                   000902692011248461-1418                   0000000000000001418700000000002               011418      01091100000000240000000000012N220811120000000000000800000000000000000000000000000000000000000000000200360305308826104 Caixa Econômica Federal             Rua Estuário, ,36                                   04645100                                                            000004
1                   000902692011248461-1419                   0000000000000001419500000000002               011419      01091100000000228000000000012N220811120000000000000760000000000000000000000000000000000000000000000200360305407131104 Caixa Econômica Federal             Estrada de Itapecerica,3429                         05835000                                                            000005
1                   000902692011248461-1420                   0000000000000001420900000000002               011420      01091100000001796640000000012N220811120000000000005990000000000000000000000000000000000000000000000209263012000183Fundo de Investimento em Direitos CreditAvenida Paulista,1499 – 19º. Andar ,1499            01311200                                                            000006
1                   000902692011248461-1421                   0000000000000001421700000000002               011421      01091100000000060000000000012N220811120000000000000200000000000000000000000000000000000000000000000208679884000164FARES HALABIYAH JUNIOR - ME             Rua Itinguçu ,2413                                  03658001                                                            000007
1                   000902692011248461-1422                   0000000000000001422500000000002               011422      01091100000000100000000000012N220811120000000000000330000000000000000000000000000000000000000000000200873633000104RIVIERA ADMINISTRADORA PATRIMONIAL LTDA RUA RAPHAEL COSTABILE,684                           11250000                                                            000008
1                   000902692011248461-1423                   0000000000000001423300000000002               011423      01091100000000100000000000012N220811120000000000000330000000000000000000000000000000000000000000000253283180000122Tesheiner Cavassani e Giacomazi AdvogadoRua João Adolfo,118-Conj. 405                       01050020                                                            000009
1                   000902692011248461-1424                   0000000000000001424100000000002               011424      01091100000000076000000000012N220811120000000000000250000000000000000000000000000000000000000000000200360305024550104 Caixa Econômica Federal             Avenida Doutor Gastão Vidigal,,1437                 05314000                                                            000010
9                                                                                                                                                                                                                                                                                                                                                                                                         000011