01REMESSA01COBRANCA       00000000000004130991SISTEMA DE CARTóRIO CERTIDõES 237BRADESCO       230911        MX0000444                                                                                                                                                                                                                                                                                     000001
1                   000902692011248461-1719                   0000000000000001719400000000002               011719      03101100000000945600000000012N220911120000000000003150000000000000000000000000000000000000000000000207523097000166BERNARDI&SCHNAPP ADVOGADOS              Bela Cintra, ,1149-12º andar                        14150001                                                            000002
1                   000902692011248461-1720                   0000000000000001720800000000002               011720      03101100000000076000000000012N2209111200000000000002500000000000000000000000000000000000000000000002000000005070911 Banco do Brasil S.A.                  Rua Doutor César,530-11º andar                      02013002                                                            000003
1                   000902692011248461-1721                   0000000000000001721600000000002               011721      03101100000000340000000000012N220911120000000000001130000000000000000000000000000000000000000000000209624793000194BIANCHINI SOCIEDADE DE ADVOGADOS        Avenida Pedroso de Morais,2315                      05419001                                                            000004
1                   000902692011248461-1722                   0000000000000001722400000000002               011722      03101100000000143000000000012N220911120000000000000480000000000000000000000000000000000000000000000100022569001856CLÉLIA RODRIGUES DOS REIS               Avenida Waldemar Tietz ,1291-APTO 34 B              03589001                                                            000005
1                   000902692011248461-1723                   0000000000000001723200000000002               011723      03101100000000090000000000012N220911120000000000000300000000000000000000000000000000000000000000000100008884091845AMELIA MONTE MASCARROZ                  Rua Juvenal Ferreira,515                            03512040                                                            000006
1                   000902692011248461-1724                   0000000000000001724000000000002               011724      03101100000000132000000000012N220911120000000000000440000000000000000000000000000000000000000000000100019995260824VANDERLEI MARTINS DOS SANTOS            Rua Rifâina,178                                     06390440                                                            000007
1                   000902692011248461-1725                   0000000000000001725900000000002               011725      10101100000001680000000000012N220911120000000000005600000000000000000000000000000000000000000000000208351432000159LIBRO COMPANHIA SECURITIZADORA DE CREDITAvenida Paulista,1499 – 19º. Andar ,1499            01311200                                                            000008
1                   000902692011248461-1726                   0000000000000001726700000000002               011726      10101100000000296000000000012N220911120000000000000990000000000000000000000000000000000000000000000209263012000183Fundo de Investimento em Direitos CreditAvenida Paulista ,1499-19º. Andar                   01311200                                                            000009
1                   000902692011248461-1727                   0000000000000001727500000000002               011727      03101100000000170000000000012N220911120000000000000570000000000000000000000000000000000000000000000209624793000194BIANCHINI SOCIEDADE DE ADVOGADOS        Avenida Pedroso de Morais,2315                      05419001                                                            000010
1                   000902692011248461-1728                   0000000000000001728300000000002               011728      10101100000000078200000000012N220911120000000000000260000000000000000000000000000000000000000000000209263012000183Fundo de Investimento em Direitos CreditAvenida Paulista ,1499-19º. Andar                   01311200                                                            000011
1                   000902692011248461-1729                   0000000000000001729100000000002               011729      03101100000000040250000000012N220911120000000000000130000000000000000000000000000000000000000000000210377191000169ACM  Legalizações Empresariais Ltda. - MAvenida Capitão Mário Toledo de Camargo,            09170150                                                            000012
1                   000902692011248461-1730                   0000000000000001730500000000002               011730      03101100000000179000000000012N230911120000000000000600000000000000000000000000000000000000000000000100007844075848CIRIA NIVALDA SCHIMIDT                  Avenida Monteiro Lobato,5454                        07180000                                                            000013
1                   000902692011248461-1731                   0000000000000001731300000000002               011731      03101100000000179000000000012N230911120000000000000600000000000000000000000000000000000000000000000100011879713837NEVIVILMA ALVES ROZENO                  Rua Augusta,148                                     09412150                                                            000014
1                   000902692011248461-1732                   0000000000000001732100000000002               011732      03101100000000179000000000012N230911120000000000000600000000000000000000000000000000000000000000000100054757800568GIDEON SENA SANTOS                      Avenida Governador Mário Covas,233                  06774005                                                            000015
1                   000902692011248461-1733                   0000000000000001733P00000000002               011733      03101100000000184000000000012N230911120000000000000610000000000000000000000000000000000000000000000100031310328803ANDRE COSTA NASCIMENTO                  Avenida Leonardo da Vinci,1268                      04313001                                                            000016
1                   000902692011248461-1734                   0000000000000001734800000000002               011734      10101100000000186000000000012N230911120000000000000620000000000000000000000000000000000000000000000209263012000183LIBRO COMPANHIA SECURITIZADORA DE CREDITAvenida Paulista ,1499-19º. Andar                   01311200                                                            000017
1                   000902692011248461-1735                   0000000000000001735600000000002               011735      05101100000000077000000000012N230911120000000000000260000000000000000000000000000000000000000000000270940994000101PANDURATA ALIMENTOS LTDA.               Rua Fritz Reimann,628-3º andar                      07044020                                                            000018
1                   000902692011248461-1736                   0000000000000001736400000000002               011736      10101100000000160000000000012N230911120000000000000530000000000000000000000000000000000000000000000207964366000120FUNDO DE INVESTIMENTO EM DIREITOS CREDITAvenida Paulista ,1499-19º andar                    01311200                                                            000019
1                   000902692011248461-1737                   0000000000000001737200000000002               011737      10101100000000100000000000012N230911120000000000000330000000000000000000000000000000000000000000000200360305289937104 Caixa Econômica Federal             Avenida Brigadeiro Luís Antônio ,580                01318000                                                            000020
1                   000902692011248461-1738                   0000000000000001738000000000002               011738      03101100000000120000000000012N230911120000000000000400000000000000000000000000000000000000000000000203586507000167J. A. Rezende advogados associados      Rua: Libero Badaró, ,471-17° ANDAR                  01009903                                                            000021
1                   000902692011248461-1739                   0000000000000001739900000000002               011739      03101100000000285600000000012N230911120000000000000950000000000000000000000000000000000000000000000200360305181656104 Caixa Econômica Federal             Avenida Santo Amaro ,7237                           04701200                                                            000022
9                                                                                                                                                                                                                                                                                                                                                                                                         000023