01REMESSA01COBRANCA       00000000000004130991SISTEMA DE CARTóRIO CERTIDõES 237BRADESCO       230112        MX0000499                                                                                                                                                                                                                                                                                     000001
1                   000902692011248461-2677                   0000000000000002677000000000002               012677      30011200000000246000000000012N190112120000000000000820000000000000000000000000000000000000000000000200360305415827104 Caixa Econômica Federal             Rua CONSELHEIRO RODRIGUES  ALVES , ,65              04010000                                                            000002
1                   000902692011248461-2678                   0000000000000002678900000000002               012678      31011200000000333000000000012N190112120000000000001110000000000000000000000000000000000000000000000253283180000122Tesheiner Cavassani e Giacomazi AdvogadoRua João Adolfo,118-Conj. 405                       01050020                                                            000003
1                   000902692011248461-2679                   0000000000000002679700000000002               012679      30011200000000726930000000012N190112120000000000002420000000000000000000000000000000000000000000000200360305159723104 Caixa Econômica Federal             Rua Teodoro Sampaio,  ,429                          05405000                                                            000004
1                   000902692011248461-2680                   0000000000000002680000000000002               012680      30011200000001065700000000012N190112120000000000003550000000000000000000000000000000000000000000000205888414000112CREAÇÕES MX FASHION LIMITADA            Rua Aimorés,210                                     01122010                                                            000005
1                   000902692011248461-2681                   0000000000000002681900000000002               012681      06021200000000414000000000012N190112120000000000001380000000000000000000000000000000000000000000000233479023000180CITIBANK RISK MANAGEMENT                Avenida Paulista, , 2º andar,1.111                  01311920                                                            000006
1                   000902692011248461-2682                   0000000000000002682700000000002               012682      06021200000000200000000000012N190112120000000000000670000000000000000000000000000000000000000000000209263012000183Fundo de Investimento em Direitos CreditAvenida Paulista ,1499-19º. Andar                   01311200                                                            000007
1                   000902692011248461-2683                   0000000000000002683500000000002               012683      20011200000000463930000000012N190112000000000000000000000000000000000000000000000000000000000000000211144435000126M&Z Documentos Cartorários Ltda         Rua da Assembléia, 10 Lj Subsl. 112                 20011000                                                            000008
1                   000902692011248461-2684                   0000000000000002684300000000002               012684      30011200000000107700000000012N190112000000000000000000000000000000000000000000000000000000000000000100029108147850FERNANDA SANTANA AFONSO BERNANDES       R GENERAL ALENCASTRO GUIMARAES, 321                 05101050                                                            000009
1                   000902692011248461-2685                   0000000000000002685100000000002               012685      30011200000000185900000000012N190112000000000000000000000000000000000000000000000000000000000000000100002623832501LEILANE ANGELE BARBOSA ALVES            URBIS 3, RUA R, 7                                   48092020                                                            000010
1                   000902692011248461-2686                   0000000000000002686P00000000002               012686      27011200000060000000000000012N190112000000000000000000000000000000000000000000000000000000000000000100081140142534CARLOS GREGORIO SALOMAO PEREIRA         RUA ANTONIO PASSOS, 149 APTO 501                    40230106                                                            000011
1                   000902692011248461-2687                   0000000000000002687800000000002               012687      30011200000000200000000000012N190112120000000000000670000000000000000000000000000000000000000000000200360305267887104 Caixa Econômica Federal             Rua São Joaquim,  - 5º andar,69                     01508000                                                            000012
1                   000902692011248461-2688                   0000000000000002688600000000002               012688      23011200000014000000000000012N190112000000000000000000000000000000000000000000000000000000000000000100008725393693JOAO RICARDO MELO AVELAR                RUA ARMANDO LOMBARDI, 128 CASA 02                   38400000                                                            000013
1                   000902692011248461-2689                   0000000000000002689400000000002               012689      30011200000000076000000000012N190112120000000000000250000000000000000000000000000000000000000000000200360305267887104 Caixa Econômica Federal             Rua São Joaquim,  - 5º andar,69                     01508000                                                            000014
1                   000902692011248461-2690                   0000000000000002690800000000002               012690      23021200000013000000000000012N190112000000000000000000000000000000000000000000000000000000000000000100008725393693JOAO RICARDO MELO AVELAR                RUA ARMANDO LOMBARDI, 128 CASA 02                   38400000                                                            000015
1                   000902692011248461-2691                   0000000000000002691600000000002               012691      23031200000013000000000000012N190112000000000000000000000000000000000000000000000000000000000000000100008725393693JOAO RICARDO MELO AVELAR                RUA ARMANDO LOMBARDI, 128 CASA 02                   38400000                                                            000016
1                   000902692011248461-2692                   0000000000000002692400000000002               012692      30011200000000076000000000012N190112120000000000000250000000000000000000000000000000000000000000000200360305267887104 Caixa Econômica Federal             Rua São Joaquim,,69-5º andar                        01508000                                                            000017
1                   000902692011248461-2693                   0000000000000002693200000000002               012693      30011200000000140000000000012N190112120000000000000470000000000000000000000000000000000000000000000200360305267887104 Caixa Econômica Federal             Rua São Joaquim,,69-5º andar                        01508000                                                            000018
1                   000902692011248461-2694                   0000000000000002694000000000002               012694      06021200000000200000000000012N190112120000000000000670000000000000000000000000000000000000000000000209263012000183Fundo de Investimento em Direitos CreditAvenida Paulista ,1499-19º. Andar                   01311200                                                            000019
1                   000902692011248461-2695                   0000000000000002695900000000002               012695      28011200000000482270000000012N190112000000000000001610000000000000000000000000000000000000000000000111495482000114CATARINENSE ASSESSORIA CARTORÁRIA LTDA  Rua Antônio Scherer,465-Loja 3                      88102090Protesto após 5 dias                                        000020
1                   000902692011248461-2714                   0000000000000002714900000000002               012714      30011200000000152000000000012N200112120000000000000510000000000000000000000000000000000000000000000203723171000137E Cunha Consultoria Empresarial Ltda.   Rua Nova York ,959                                  04560002                                                            000021
1                   000902692011248461-2713                   0000000000000002713000000000002               012713      06021200000000400000000000012N200112120000000000001330000000000000000000000000000000000000000000000209263012000183Fundo de Investimento em Direitos CreditAvenida Paulista ,1499-19º andar                    01311200                                                            000022
1                   000902692011248461-2712                   0000000000000002712200000000002               012712      30011200000000828000000000012N200112120000000000002760000000000000000000000000000000000000000000000200360305196920104 Caixa Econômica Federal             Alameda Araguaia, ,370/380                          06454400                                                            000023
1                   000902692011248461-2711                   0000000000000002711400000000002               012711      30011200000000594000000000012N200112120000000000001980000000000000000000000000000000000000000000000200360305063700104 Caixa Econômica Federal             Av. Rui Barbosa,,281/287                            06311000                                                            000024
1                   000902692011248461-2710                   0000000000000002710600000000002               012710      30011200000000280000000000012N200112120000000000000930000000000000000000000000000000000000000000000262232889000190Banco Daycoval S/A                      Avenida Paulista ,1793-02º Andar                    01311200                                                            000025
1                   000902692011248461-2709                   0000000000000002709200000000002               012709      30011200000000140000000000012N200112120000000000000470000000000000000000000000000000000000000000000262232889000190Banco Daycoval S/A                      Avenida Paulista ,1793-02º Andar                    01311200                                                            000026
1                   000902692011248461-2706                   0000000000000002706800000000002               012706      30011200000000600000000000012N200112120000000000002000000000000000000000000000000000000000000000000233479023000180CITIBANK RISK MANAGEMENT                Avenida Paulista, , 2º andar,1.111                  01311920                                                            000027
1                   000902692011248461-2707                   0000000000000002707600000000002               012707      30011200000000140000000000012N200112120000000000000470000000000000000000000000000000000000000000000203513451000110NERONE DO BRASIL CIA. Securitizadora de Avenida Paulista,726-Sala 1410 - 14º and            01310100                                                            000028
1                   000902692011248461-2708                   0000000000000002708400000000002               012708      30011200000000210000000000012N200112120000000000000700000000000000000000000000000000000000000000000262232889000190Banco Daycoval S/A                      Avenida Paulista ,1793-02º Andar                    01311200                                                            000029
1                   000902692011248461-2715                   0000000000000002715700000000002               012715      30011200000000103500000000012N200112120000000000000350000000000000000000000000000000000000000000000210377191000169ACM ASSESSORIA CONTABIL LTDA            Avenida Capitão Mário Toledo de Camargo,            09170150                                                            000030
1                   000902692011248461-2716                   0000000000000002716500000000002               012716      31011200000000278900000000012N230112120000000000000930000000000000000000000000000000000000000000000253283180000122Tesheiner Cavassani e Giacomazi AdvogadoRua João Adolfo,118-Conj. 405                       01050020                                                            000031
1                   000902692011248461-2624                   0000000000000002624P00000000002               312624      27011200000000840000000000012N100112120000000000010000000000000000000000000000000000000000000000000262232889000190Banco Daycoval S/A                      Avenida Paulista ,1793-02º Andar                    01311200                                                            000032
1                   000902692011248461-2624                   0000000000000002624P00000000002               062624      27011200000000840000000000012N100112120000000000010000000000000000000000000000000000000000000000000262232889000190Banco Daycoval S/A                      Avenida Paulista ,1793-02º Andar                    01311200                                                            000033
1                   000902692011248461-2507                   0000000000000002507300000000002               022507      12011200000000603960000000012N281211120000000000010000000000000000000000000000000000000000000000000209263012000183Fundo de Investimento em Direitos CreditAvenida Paulista ,1499-19º. Andar                   01311200                                                            000034
1                   000902692011248461-2320                   0000000000000002320800000000002               022320      19121100000000115000000000012N021211120000000000010000000000000000000000000000000000000000000000000209263012000183Fundo de Investimento em Direitos CreditAvenida Paulista ,1499-19º. Andar                   01311200                                                            000035
1                   000902692011248461-2230                   0000000000000002230900000000002               022230      05121100000001680000000000012N171111120000000000010000000000000000000000000000000000000000000000000207964366000120FUNDO DE INVESTIMENTO EM DIREITOS CREDITAvenida Paulista ,1499-19º andar                    01311200                                                            000036
1                   000902692011248461-2462                   0000000000000002462P00000000002               022462      30121100000000478000000000012N141211120000000000010000000000000000000000000000000000000000000000000209263012000183Fundo de Investimento em Direitos CreditAvenida Paulista ,1499-19º. Andar                   01311200                                                            000037
1                   000902692011248461-2497                   0000000000000002497200000000002               022497      05011200000000478000000000012N211211120000000000010000000000000000000000000000000000000000000000000209263012000183Fundo de Investimento em Direitos CreditAvenida Paulista,1499-19º. Andar                    01311200                                                            000038
1                   000902692011248461-2428                   0000000000000002428P00000000002               022428      19121100000000200000000000012N081211120000000000010000000000000000000000000000000000000000000000000233479023000180BANCO CITIBANK S.A                      Avenida Paulista,,1.111-2º andar                    01311920                                                            000039
1                   000902692011248461-2380                   0000000000000002380100000000002               022380      08121100000000097830000000012N051211000000000000010000000000000000000000000000000000000000000000000113098867000173ROMI & ZANATTA LTDA - ME                Rua Floriano Peixoto,692                            13450023Protesto após 5 dias                                        000040
1                   000902692011248461-2418                   0000000000000002418200000000002               022418      19121100000004488240000000012N071211120000000000010000000000000000000000000000000000000000000000000211730572000142GRACIANO E SOUSA SERVIÇO ADMINITRATIVOS Av  Erasmo Braga,255 sala 1.104 centro              20020000                                                            000041
1                   000902692011248461-2465                   0000000000000002465400000000002               022465      20121100000004488240000000012N151211120000000000000000000000000000000000000000000000000000000000000129557105000128COMPANHIA DE MARCAS                     Rua São Miguel, 11                                  20530420                                                            000042
9                                                                                                                                                                                                                                                                                                                                                                                                         000043