01REMESSA01COBRANCA       00000000000004130991SISTEMA DE CARTóRIO CERTIDõES 237BRADESCO       230511        MX0000369                                                                                                                                                                                                                                                                                     000001
1                   000902692011248461-752                    0000000000000000752000000000002               01752       30051100000000029000000000012N200511000000000000000100000000000000000000000000000000000000000000000210377191000169ACM  Legalizações Empresariais Ltda. - MAvenida Capitão Mário Toledo de Camargo,            09170150                                                            000002
1                   000902692011248461-753                    0000000000000000753900000000002               01753       30051100000000573970000000012N2005110000000000000019100000000000000000000000000000000000000000000002000000004818661 Banco do Brasil S.A.                  Avenida Lins de Vasconcelos , 1951                  01537001                                                            000003
1                   000902692011248461-754                    0000000000000000754700000000002               01754       30051100000000100000000000012N200511000000000000000330000000000000000000000000000000000000000000000253283180000122Tesheiner Cavassani e Giacomazi AdvogadoRua João Adolfo,118-Conj. 405                       01050020                                                            000004
1                   000902692011248461-755                    0000000000000000755500000000002               01755       30051100000000150000000000012N200511000000000000000500000000000000000000000000000000000000000000000209527407000146NOVA OLYMPIA PROMOÇÃO DE EVENTOS LTDA   Rua Tagipuru,795                                    01156000                                                            000005
1                   000902692011248461-756                    0000000000000000756300000000002               01756       30051100000000180000000000012N200511000000000000000600000000000000000000000000000000000000000000000210268300000100PLASTONY INDÚSTRIA E COMERCIO LTDA – ME Rua Casemiro de Abreu,54                            07700000                                                            000006
1                   000902692011248461-757                    0000000000000000757100000000002               01757       30051100000000030000000000012N200511000000000000000100000000000000000000000000000000000000000000000201190978000126ITALIA COMERCIAL TEXTIL LTDA ME         Rua Almirante Barroso,308                           03025000                                                            000007
1                   000902692011248461-758                    0000000000000000758P00000000002               01758       02061100000000204070000000012N230511000000000000000680000000000000000000000000000000000000000000000209016632000118TORI BY LAVITA CONFECCOES DE ROUPAS LTDARua Casimiro de Abreu ,357                          03013001                                                            000008
1                   000902692011248461-759                    0000000000000000759800000000002               01759       02061100000000496700000000012N230511000000000000001660000000000000000000000000000000000000000000000201701201000189HSBC BANK BRASIL S/A. HTS Service DeliveRua Tenente Francisco Ferreira de Souza             81630010                                                            000009
1                   000902692011248461-648                    0000000000000000648600000000002               06648       31051100000000173300000000012N040511000000000000010000000000000000000000000000000000000000000000000100000932705502EVANDRO PEREIRA DE SOUZA                Rua Jaracatia,636-APTO 13    BLC 09                 05754071                                                            000010
9                                                                                                                                                                                                                                                                                                                                                                                                         000011