01REMESSA01COBRANCA       00000000000004130991SISTEMA DE CARTóRIO CERTIDõES 237BRADESCO       230412        MX0000523                                                                                                                                                                                                                                                                                     000001
1                   000902692011248461-3472                   0000000000000003472200000000002               013472      27041200000000560000000000012N170412120000000000001870000000000000000000000000000000000000000000000262232889000190Banco Daycoval S/A                      Avenida Paulista ,1793-02º Andar                    01311200                                                            000002
1                   000902692011248461-3473                   0000000000000003473000000000002               013473      27041200000000280000000000012N170412120000000000000930000000000000000000000000000000000000000000000262232889000190Banco Daycoval S/A                      Avenida Paulista ,1793-02º Andar                    01311200                                                            000003
1                   000902692011248461-3474                   0000000000000003474900000000002               013474      27041200000000157150000000012N170412120000000000000520000000000000000000000000000000000000000000000100017683448842LUIS MARTINS NETTO                      Rua Barão de Ladário,670-Sl. 404                    03010000                                                            000004
1                   000902692011248461-3475                   0000000000000003475700000000002               013475      27041200000000150000000000012N170412120000000000000500000000000000000000000000000000000000000000000209016632000118TORI BY LAVITA CONFECCOES DE ROUPAS LTDARua Casimiro de Abreu ,357                          03013001                                                            000005
1                   000902692011248461-3476                   0000000000000003476500000000002               013476      27041200000000195000000000012N170412120000000000000650000000000000000000000000000000000000000000000200360305116676104 Caixa Econômica Federal             Avenida Carlos de Campos,,160                       03028000                                                            000006
1                   000902692011248461-3477                   0000000000000003477300000000002               013477      27041200000000320000000000012N170412120000000000001070000000000000000000000000000000000000000000000207964366000120FUNDO DE INVESTIMNTO EM DIREITOS CREDITÓAvenida Paulista ,1499-19º andar                    01311200                                                            000007
1                   000902692011248461-3478                   0000000000000003478100000000002               013478      27041200000000480000000000012N170412120000000000001600000000000000000000000000000000000000000000000207964366000120FUNDO DE INVESTIMENTO EM DIREITOS CREDITAvenida Paulista ,1499-19º andar                    01311200                                                            000008
1                   000902692011248461-3479                   0000000000000003479P00000000002               013479      28041200000000464000000000012N180412120000000000001550000000000000000000000000000000000000000000000207964366000120FUNDO DE INVESTIMENTO EM DIREITOS CREDITAvenida Paulista ,1499-19º andar                    01311200                                                            000009
1                   000902692011248461-3480                   0000000000000003480300000000002               013480      28041200000000180000000000012N180412120000000000000600000000000000000000000000000000000000000000000208853329000107NOIVAS EM MOVIMENTO - COMERCIO DE ROUPASRua Dutra Rodrigues,74                              01105010                                                            000010
1                   000902692011248461-3481                   0000000000000003481100000000002               013481      28041200000000210000000000012N180412120000000000000700000000000000000000000000000000000000000000000262232889000190Banco Daycoval S/A                      Avenida Paulista,1793-02º Andar                     01311200                                                            000011
1                   000902692011248461-3482                   0000000000000003482P00000000002               013482      28041200000000124000000000012N180412120000000000000410000000000000000000000000000000000000000000000100004058819839Rosângela de Mauro Zogbi                Rua Castro Alves,778-Apto. 131                      00000000                                                            000012
1                   000902692011248461-3483                   0000000000000003483800000000002               013483      28041200000000180000000000012N180412120000000000000600000000000000000000000000000000000000000000000258838277000178INSTAR CONFECÇÕES LTDA - EPP            Rua Casimiro de Abreu ,447                          03013001                                                            000013
1                   000902692011248461-3484                   0000000000000003484600000000002               013484      25041200000005000000000000012N200412000000000000000000000000000000000000000000000000000000000000000100010136216625DANILO FRANCISCO GOMES PINTO            Rua Antonio Pierucci, 415                           37640000                                                            000014
1                   000902692011248461-3485                   0000000000000003485400000000002               013485      25051200000010000000000000012N200412000000000000000000000000000000000000000000000000000000000000000100010136216625DANILO FRANCISCO GOMES PINTO            Rua Antonio Pierucci, 415                           37640000                                                            000015
1                   000902692011248461-3486                   0000000000000003486200000000002               013486      25061200000010000000000000012N200412000000000000000000000000000000000000000000000000000000000000000100010136216625DANILO FRANCISCO GOMES PINTO            Rua Antonio Pierucci, 415                           37640000                                                            000016
1                   000902692011248461-3487                   0000000000000003487000000000002               013487      25041200000040000000000000012N200412000000000000000000000000000000000000000000000000000000000000000100027402860582MARCIO LARA MEDRADO                     Rua Bela Vista do Goiás,18 Qd D Casa 01             44055160Condominio Delta Ville                                      000017
1                   000902692011248461-3488                   0000000000000003488900000000002               013488      30041200000000300000000000012N200412120000000000001000000000000000000000000000000000000000000000000205341148000103FUSÃO SOLUÇÕES PARA MEDICINA LTDA       Rua Funchal,538-CJ 115                              04551060                                                            000018
1                   000902692011248461-3489                   0000000000000003489700000000002               013489      30041200000000180000000000012N200412120000000000000600000000000000000000000000000000000000000000000205341148000103FUSÃO SOLUÇÕES PARA MEDICINA LTDA       Rua Funchal,538-CJ 115                              04551060                                                            000019
1                   000902692011248461-3490                   0000000000000003490000000000002               013490      30041200000000076000000000012N200412120000000000000250000000000000000000000000000000000000000000000209263012000183Fundo de Investimento em Direitos CreditAvenida Paulista ,1499-19º. Andar                   01311200                                                            000020
1                   000902692011248461-3491                   0000000000000003491900000000002               013491      30041200000000300000000000012N200412120000000000001000000000000000000000000000000000000000000000000200360305159723104 Caixa Econômica Federal             Rua Teodoro Sampaio,429                             05405000                                                            000021
1                   000902692011248461-3492                   0000000000000003492700000000002               013492      30041200000000500000000000012N200412120000000000001670000000000000000000000000000000000000000000000200360305159723104 Caixa Econômica Federal             Rua Teodoro Sampaio,429                             05405000                                                            000022
1                   000902692011248461-3493                   0000000000000003493500000000002               013493      30041200000000326850000000012N200412120000000000001090000000000000000000000000000000000000000000000100017683448842LUIS MARTINS NETTO                      Rua Barão de Ladário,670-Sl. 404                    03010000                                                            000023
1                   000902692011248461-3494                   0000000000000003494300000000002               013494      30041200000000350000000000012N200412120000000000001170000000000000000000000000000000000000000000000100017683448842LUIS MARTINS NETTO                      Rua Barão de Ladário,670-Sl. 404                    03010030                                                            000024
1                   000902692011248461-3495                   0000000000000003495100000000002               013495      30041200000000344420000000012N200412120000000000001150000000000000000000000000000000000000000000000253283180000122Tesheiner Cavassani e Giacomazi AdvogadoRua João Adolfo,118-Conj. 405                       01050020                                                            000025
1                   000902692011248461-3496                   0000000000000003496P00000000002               013496      30041200000000175000000000012N200412120000000000000580000000000000000000000000000000000000000000000207596438000123R QUADRELLI CONEXÕES ME                 Rua João Vieira Prioste,287                         03429000                                                            000026
1                   000902692011248461-3497                   0000000000000003497800000000002               013497      30041200000000100000000000012N200412120000000000000330000000000000000000000000000000000000000000000100002828458873Guilherme Metzger                       Avenida Pavão ,956                                  04516011                                                            000027
1                   000902692011248461-3498                   0000000000000003498600000000002               013498      03051200000001400000000000012N230412000000000000000000000000000000000000000000000000000000000000000100029504520278LEANDRA GALISSE DE LIMA                 RUA CARACAS, 229                                    37701374                                                            000028
1                   000902692011248461-3499                   0000000000000003499400000000002               013499      25041200000001400000000000012N230412000000000000000000000000000000000000000000000000000000000000000100095810374972MARA REGINA OKUMURA BAGINI              RUA LAURINDO BORGES, 1716 APTO 302                  87303230                                                            000029
1                   000902692011248461-3500                   0000000000000003500100000000002               013500      25041200000001400000000000012N230412000000000000000000000000000000000000000000000000000000000000000100081140142534CARLOS GREGORIO SALOMAO PEREIRA         RUA ANTONIO PASSOS, 149 APTO 501                    40230106                                                            000030
1                   000902692011248461-3437                   0000000000000003437400000000002               063437      19041200000003000000000000012N110412000000000000000000000000000000000000000000000000000000000000000100051341328015Tiago Escher de Borba                   Rua Tito Livio Zambercari,515                       90450321                                                            000031
1                   000902692011248461-3430                   0000000000000003430700000000002               063430      20041200000001298130000000012N090412120000000000010000000000000000000000000000000000000000000000000200360305000104104 Caixa Econômica Federal             Avenida Presidente Juscelino Kubitschek,            04543010                                                            000032
1                   000902692011248461-3301                   0000000000000003301700000000002               063301      30041200000000192000000000012N300312120000000000010000000000000000000000000000000000000000000000000203513451000110NERONE DO BRASIL CIA. Securitizadora de Avenida Paulista,726-Sala 1410 - 14º and            01310100                                                            000033
9                                                                                                                                                                                                                                                                                                                                                                                                         000034