01REMESSA01COBRANCA       00000000000004130991SISTEMA DE CARTóRIO CERTIDõES 237BRADESCO       230311        MX0000336                                                                                                                                                                                                                                                                                     000001
1                   000902692011248461-271                    0000000000000000271500000000002               01271       01041100000000148400000000012N220311000000000000010000000000000000000000000000000000000000000000000262232889000190Banco Daycoval S/A                      Avenida Paulista,1793                               01311200                                                            000002
1                   000902692011248461-272                    0000000000000000272300000000002               01272       01041100000000758840000000012N220311000000000000010000000000000000000000000000000000000000000000000203723171000137E Cunha Consultoria Empresarial Ltda.   Rua Nova York ,959-conj. 52                         04560002                                                            000003
1                   000902692011248461-273                    0000000000000000273100000000002               01273       01041100000000150000000000012N220311000000000000010000000000000000000000000000000000000000000000000200360305024550104 Caixa Econômica Federal             Avenida Doutor Gastão Vidigal,1437,1437             05314000                                                            000004
1                   000902692011248461-274                    0000000000000000274P00000000002               01274       01041100000000078200000000012N220311000000000000010000000000000000000000000000000000000000000000000203723171000137E Cunha Consultoria Empresarial Ltda.   Rua Nova York ,959-conj. 52                         04560002                                                            000005
1                   000902692011248461-275                    0000000000000000275800000000002               01275       01041100000000148400000000012N220311000000000000010000000000000000000000000000000000000000000000000203723171000137E Cunha Consultoria Empresarial Ltda.   Rua Nova York ,959-conj. 52                         04560002                                                            000006
1                   000902692011248461-276                    0000000000000000276600000000002               01276       01041100000001618950000000012N220311000000000000010000000000000000000000000000000000000000000000000203723171000137E Cunha Consultoria Empresarial Ltda.   Rua Nova York ,959-conj. 52                         04560002                                                            000007
1                   000902692011248461-183                    0000000000000000183200000000002               06183       18031100000017500000000000012N100311060500000000000000000000000000000000000000000000000000000000000100004980049966TIAGO FUGANTI                           RUA PADRE ANCHIETA, 2339 AP 1301                    80730000                                                            000008
1                   000902692011248461-183                    0000000000000000183200000000002               06183       24031100000017500000000000012N100311060500000000000000000000000000000000000000000000000000000000000100004980049966TIAGO FUGANTI                           RUA PADRE ANCHIETA, 2339 AP 1301                    80730000                                                            000009
9                                                                                                                                                                                                                                                                                                                                                                                                         000010