01REMESSA01COBRANCA       00000000000004130991SISTEMA DE CARTóRIO CERTIDõES 237BRADESCO       241011        MX0000459                                                                                                                                                                                                                                                                                     000001
1                   000902692011248461-1970                   0000000000000001970700000000002               011970      27101100000030000000000000012N211011000000000000000000000000000000000000000000000000000000000000000100005745511745DANILO PINTO MARQUES DE SOUZA           ESTRADA FRANCISCO DA CRUZ NUNES,02                  24355260                                                            000002
1                   000902692011248461-1971                   0000000000000001971500000000002               011971      31101100000000100000000000012N211011120000000000000330000000000000000000000000000000000000000000000253283180000122Tesheiner Cavassani e Giacomazi AdvogadoRua João Adolfo,118-Conj. 405                       01050020                                                            000003
1                   000902692011248461-1972                   0000000000000001972300000000002               011972      31101100000000358590000000012N211011120000000000001200000000000000000000000000000000000000000000000253283180000122Tesheiner Cavassani e Giacomazi AdvogadoRua João Adolfo,118-Conj. 405                       01050020                                                            000004
1                   000902692011248461-1973                   0000000000000001973100000000002               011973      31101100000000410500000000012N211011120000000000001370000000000000000000000000000000000000000000000253283180000122Tesheiner Cavassani e Giacomazi AdvogadoRua João Adolfo,118-Conj. 405                       01050020                                                            000005
1                   000902692011248461-1974                   0000000000000001974P00000000002               011974      31101100000000345750000000012N211011120000000000001150000000000000000000000000000000000000000000000253283180000122Tesheiner Cavassani e Giacomazi AdvogadoRua João Adolfo,118-Conj. 405                       01050020                                                            000006
1                   000902692011248461-1975                   0000000000000001975800000000002               011975      31101100000000336770000000012N211011120000000000001120000000000000000000000000000000000000000000000253283180000122Tesheiner Cavassani e Giacomazi AdvogadoRua João Adolfo,118-Conj. 405           ..          01050020                                                            000007
1                   000902692011248461-1976                   0000000000000001976600000000002               011976      10111100000035000000000000012N241011000000000000000000000000000000000000000000000000000000000000000100095563059120FABIOLA PEREIRA GOMES                   RUA FLORIANOPOLIS, 110 APTO 702                     74815770                                                            000008
1                   000902692011248461-1977                   0000000000000001977400000000002               011977      10121100000035000000000000012N241011000000000000000000000000000000000000000000000000000000000000000100095563059120FABIOLA PEREIRA GOMES                   RUA FLORIANOPOLIS, 110 APTO 702                     74815770                                                            000009
1                   000902692011248461-1978                   0000000000000001978200000000002               011978      03111100000000840000000000012N241011120000000000002800000000000000000000000000000000000000000000000262232889000190Banco Daycoval S/A                      Avenida Paulista ,1793-02º Andar                    01311200                                                            000010
1                   000902692011248461-1979                   0000000000000001979000000000002               011979      03111100000000560000000000012N241011120000000000001870000000000000000000000000000000000000000000000262232889000190Banco Daycoval S/A                      Avenida Paulista ,1793-02º Andar                    01311200                                                            000011
1                   000902692011248461-1980                   0000000000000001980400000000002               011980      10111100000000115000000000012N241011120000000000000380000000000000000000000000000000000000000000000205032035000126Recovery Brasil Consultoria S/A         Avenida Paulista,1499-19º andar                     01311200                                                            000012
1                   000902692011248461-1981                   0000000000000001981200000000002               011981      03111100000000174000000000012N241011120000000000000580000000000000000000000000000000000000000000000203723171000137E Cunha Consultoria Empresarial Ltda.   Rua Nova York ,959                                  04560002                                                            000013
1                   000902692011248461-1982                   0000000000000001982000000000002               011982      10111100000000144000000000012N241011120000000000000480000000000000000000000000000000000000000000000209263012000183Fundo de Investimento em Direitos CreditAvenida Paulista,1499-19º. Andar                    01311200                                                            000014
1                   000902692011248461-1983                   0000000000000001983900000000002               011983      03111100000000421360000000012N2410111200000000000014000000000000000000000000000000000000000000000002000000002696461 Banco do Brasil S.A.                  Avenida Padre Antônio José dos Santos ,1            04563004                                                            000015
1                   000902692011248461-1984                   0000000000000001984700000000002               011984      03111100000000432000000000012N241011120000000000001440000000000000000000000000000000000000000000000200360305157356104 Caixa Econômica Federal             Avenida Industrial,,600-1º andar, sala 1            09080500                                                            000016
1                   000902692011248461-1985                   0000000000000001985500000000002               011985      03111100000000925900000000012N241011120000000000003090000000000000000000000000000000000000000000000270030457000809TRIGUEIROFONTES  ADVOGADOS              Rua Haddock Lobo ,846-13 andar  Prédio B            01414000                                                            000017
1                   000902692011248461-1986                   0000000000000001986300000000002               011986      03111100000000040250000000012N241011120000000000000130000000000000000000000000000000000000000000000210377191000169ACM  Legalizações Empresariais Ltda. - MAvenida Capitão Mário Toledo de Camargo,            09170150                                                            000018
1                   000902692011248461-1987                   0000000000000001987100000000002               011987      03111100000000339280000000012N241011120000000000001130000000000000000000000000000000000000000000000253283180000122Tesheiner Cavassani e Giacomazi AdvogadoRua João Adolfo,118-Conj. 405                       01050020                                                            000019
1                   000902692011248461-1988                   0000000000000001988P00000000002               011988      03111100000000180000000000012N241011120000000000000600000000000000000000000000000000000000000000000253283180000122Tesheiner Cavassani e Giacomazi AdvogadoRua João Adolfo,118-Conj. 405                       01050020                                                            000020
1                   000902692011248461-1896                   0000000000000001896400000000002               021896      17101100000000240000000000012N061011120000000000010000000000000000000000000000000000000000000000000200360305297875104 Caixa Econômica Federal             Rua Dom José Gaspar,1194                            09370670                                                            000021
1                   000902692011248461-1741                   0000000000000001741000000000002               021741      03101100000000110000000000012N230911120000000000010000000000000000000000000000000000000000000000000100017683448842LUIS MARTINS NETTO                      Rua Barão de Ladário,670-SL. 404                    03010000                                                            000022
1                   000902692011248461-1420                   0000000000000001420900000000002               311420      28101100000001503160000000012N220811120000000000010000000000000000000000000000000000000000000000000208351432000159LIBRO COMPANHIA SECURITIZADORA DE CREDITAvenida Paulista,1499 – 19º. Andar ,1499            01311200                                                            000023
1                   000902692011248461-1420                   0000000000000001420900000000002               061420      28101100000001503160000000012N220811120000000000010000000000000000000000000000000000000000000000000208351432000159LIBRO COMPANHIA SECURITIZADORA DE CREDITAvenida Paulista,1499 – 19º. Andar ,1499            01311200                                                            000024
9                                                                                                                                                                                                                                                                                                                                                                                                         000025