01REMESSA01COBRANCA       00000000000004130991SISTEMA DE CARTóRIO CERTIDõES 237BRADESCO       240511        MX0000370                                                                                                                                                                                                                                                                                     000001
1                   000902692011248461-760                    0000000000000000760100000000002               01760       02061100000000050000000000012N230511000000000000000170000000000000000000000000000000000000000000000201190978000126ITALIA COMERCIAL TEXTIL LTDA ME         Rua Almirante Barroso ,308                          03025000                                                            000002
1                   000902692011248461-761                    0000000000000000761P00000000002               01761       02061100000000050000000000012N230511000000000000000170000000000000000000000000000000000000000000000260413945000167BASSO PINTURAS E DECORAÇÕES LTDA.       Rua Capitão Macedo,441                              04021020                                                            000003
1                   000902692011248461-762                    0000000000000000762800000000002               01762       02061100000000127000000000012N230511000000000000000420000000000000000000000000000000000000000000000203723171000137E Cunha Consultoria Empresarial Ltda.   Rua Nova York ,959-conj. 52                         04560002                                                            000004
1                   000902692011248461-763                    0000000000000000763600000000002               01763       03061100000000119000000000012N240511000000000000000400000000000000000000000000000000000000000000000260701190107839341 Banco Itaú S.A.                     Rua Arizona,1467                                    04567003                                                            000005
1                   000902692011248461-764                    0000000000000000764400000000002               01764       03061100000000323900000000012N240511000000000000001080000000000000000000000000000000000000000000000200360305025107104 Caixa Econômica Federal             Avenida Moema ,,37                                  04077020                                                            000006
1                   000902692011248461-765                    0000000000000000765200000000002               01765       03061100000000142000000000012N240511000000000000000470000000000000000000000000000000000000000000000100023154942300ALTAMIR TEIXEIRA DE MOURA               Rua Da Mangueira,104                                61916570                                                            000007
9                                                                                                                                                                                                                                                                                                                                                                                                         000008