01REMESSA01COBRANCA       00000000000004130991SISTEMA DE CARTóRIO CERTIDõES 237BRADESCO       240311        MX0000337                                                                                                                                                                                                                                                                                     000001
1                   000902692011248461-277                    0000000000000000277400000000002               01277       02041100000000200000000000012N230311000000000000010000000000000000000000000000000000000000000000000203586507000167J. A. Rezende Advogados Associados      Rua: Libero Badaró, ,471-17° ANDAR                  01009903                                                            000002
1                   000902692011248461-278                    0000000000000000278200000000002               01278       04041100000000125350000000012N230311060500000000000000000000000000000000000000000000000000000000000202682287000102BANCO ARRENDAMENTO MERCANTIL SA         AV PAULISTA, 2240 SÃO PAULO SP                      01003000                                                            000003
1                   000902692011248461-279                    0000000000000000279000000000002               01279       04041100000000116120000000012N230311060500000000000000000000000000000000000000000000000000000000000202682287000102BANCO ARRENDAMENTO MERCANTIL SA         AV PAULISTA, 2240 SÃO PAULO SP                      01003000                                                            000004
1                   000902692011248461-280                    0000000000000000280400000000002               01280       02041100000000300000000000012N230311000000000000010000000000000000000000000000000000000000000000000203586507000167J. A. Rezende Advogados Associados      Rua: Libero Badaró, ,471-17° ANDAR                  01009903                                                            000005
1                   000902692011248461-281                    0000000000000000281200000000002               01281       04041100000000194680000000012N230311060500000000000000000000000000000000000000000000000000000000000259285411000113BANCO PANAMERICANO SA                   AV PAULISTA, 2240 SÃO PAULO SP                      01003000                                                            000006
1                   000902692011248461-282                    0000000000000000282000000000002               01282       04041100000000160810000000012N230311060500000000000000000000000000000000000000000000000000000000000259285411000113BANCO PANAMERICANO SA                   AV PAULISTA, 2240 SÃO PAULO SP                      01003000                                                            000007
1                   000902692011248461-283                    0000000000000000283900000000002               01283       02041100000000120000000000012N230311000000000000010000000000000000000000000000000000000000000000000212551876000105GOULART SOCIEDADE DE ADVOGADOS   (CLARICRua João Cachoeira ,488-CJ 408 / 409  4°            04535011                                                            000008
1                   000902692011248461-284                    0000000000000000284700000000002               01284       02041100000001379000000000012N230311000000000000010000000000000000000000000000000000000000000000000200360305025441104 Caixa Econômica Federal             Rua Joaquim Floriano ,446                           04534002                                                            000009
1                   000902692011248461-285                    0000000000000000285500000000002               01285       02041100000000035000000000012N230311000000000000010000000000000000000000000000000000000000000000000207451687000120TOURNAI ADMINISTRAÇÃO E PARTICIPAÇÕES LTRua Guilherme Bannitz,90-sala 91                    04532060                                                            000010
1                   000902692011248461-286                    0000000000000000286300000000002               01286       02041100000000171200000000012N230311000000000000010000000000000000000000000000000000000000000000000200360305267887104 Caixa Econômica Federal             Rua São Joaquim ,69-5º andar                        01508001                                                            000011
1                   000902692011248461-287                    0000000000000000287100000000002               01287       02041100000000364100000000012N230311000000000000010000000000000000000000000000000000000000000000000200360305267887104 Caixa Econômica Federal             Rua São Joaquim ,69-5º andar                        01508001                                                            000012
1                   000902692011248461-288                    0000000000000000288P00000000002               01288       02041100000000100000000000012N230311000000000000010000000000000000000000000000000000000000000000000200360305181656104 Caixa Econômica Federal             Avenida Santo Amaro ,7237                           04701200                                                            000013
1                   000902692011248461-289                    0000000000000000289800000000002               01289       02041100000000520000000000012N230311000000000000010000000000000000000000000000000000000000000000000208351432000159LIBRO COMPANHIA SECURITIZADORA DE CREDITAvenida Paulista,1499 – 19º. Andar ,1499            01311200                                                            000014
1                   000902692011248461-290                    0000000000000000290100000000002               01290       02041100000000000010000000012N230311000000000000010000000000000000000000000000000000000000000000000200360305327960104 Caixa Econômica Federal             Avenida Papa João Paulo I,3130                      07174000                                                            000015
1                   000902692011248461-291                    0000000000000000291P00000000002               01291       02041100000000234600000000012N230311000000000000010000000000000000000000000000000000000000000000000200360305267887104 Caixa Econômica Federal             Rua São Joaquim ,69-5º andar                        01508001                                                            000016
1                   000902692011248461-292                    0000000000000000292800000000002               01292       02041100000000050000000000012N230311000000000000010000000000000000000000000000000000000000000000000208603317000124ACE RASTREDORES LTDA ME                 Rua Vera Paranaguá de Souza Dantas,91               05565220                                                            000017
1                   000902692011248461-293                    0000000000000000293600000000002               01293       02041100000000200000000000012N230311000000000000010000000000000000000000000000000000000000000000000253283180000122Tesheiner Cavassani e Giacomazi AdvogadoRua João Adolfo,118-Conj. 405                       01050020                                                            000018
1                   000902692011248461-294                    0000000000000000294400000000002               01294       02041100000000085600000000012N230311000000000000010000000000000000000000000000000000000000000000000203723171000137E Cunha Consultoria Empresarial Ltda.   Rua Nova York ,959-conj. 52                         04560002                                                            000019
1                   000902692011248461-295                    0000000000000000295200000000002               01295       02041100000000100000000000012N230311000000000000010000000000000000000000000000000000000000000000000260746948150270237 Banco Bradesco S.A.                 Avenida Santos Dumont,230                           07220000                                                            000020
1                   000902692011248461-296                    0000000000000000296000000000002               01296       03041100000003378160000000012N240311000000000000010000000000000000000000000000000000000000000000000203723171000137E Cunha Consultoria Empresarial Ltda.   Rua Nova York ,959-conj. 52                         04560002                                                            000021
1                   000902692011248461-297                    0000000000000000297900000000002               01297       03041100000000170000000000012N2403110000000000000100000000000000000000000000000000000000000000000002000000000813371 Banco do Brasil S.A.                  Rua Joaquim Nabuco ,246                             04621002                                                            000022
1                   000902692011248461-298                    0000000000000000298700000000002               01298       03041100000000059000000000012N240311000000000000010000000000000000000000000000000000000000000000000210377191000169ACM  Legalizações Empresariais Ltda. - MAvenida Capitão Mário Toledo de Camargo,            09170150                                                            000023
1                   000902692011248461-299                    0000000000000000299500000000002               01299       03041100000000090000000000012N240311000000000000010000000000000000000000000000000000000000000000000100010196237807MARIA YEMIKO TAKARA                     Rua Missão Velha,115                                03249040                                                            000024
1                   000902692011248461-300                    0000000000000000300200000000002               01300       03041100000000100000000000012N240311000000000000010000000000000000000000000000000000000000000000000200360305181656104 Caixa Econômica Federal             Avenida Santo Amaro ,7237                           04701200                                                            000025
1                   000902692011248461-301                    0000000000000000301000000000002               01301       03041100000000179000000000012N240311000000000000010000000000000000000000000000000000000000000000000100040102333890MIKHAIL DE FREITAS TEIXEIRA             Avenida Jovita,35                                   07124150                                                            000026
1                   000902692011248461-302                    0000000000000000302900000000002               01302       03041100000000153000000000012N240311000000000000010000000000000000000000000000000000000000000000000100042958285804MARIA DA CONCEIÇÃO DA SILVA             Rua Jacó do Bandolin,625                            09433210                                                            000027
1                   000902692011248461-303                    0000000000000000303700000000002               01303       03041100000000179000000000012N240311000000000000010000000000000000000000000000000000000000000000000100011380260850MARIA JOSÉ BEZERRA DOS SANTOS           Rua do Rouxinol,39                                  09335510                                                            000028
1                   000902692011248461-304                    0000000000000000304500000000002               01304       03041100000000300000000000012N240311000000000000010000000000000000000000000000000000000000000000000200360305025441104 Caixa Econômica Federal             Rua Joaquim Floriano ,446                           04534002                                                            000029
1                   000902692011248461-305                    0000000000000000305300000000002               01305       03041100000000150000000000012N240311000000000000010000000000000000000000000000000000000000000000000100018675948891GERALDO ALOISIO BORGES TAVARES          Rua Anatalícia Ferreira Silva (Jd C Líba            04710060                                                            000030
1                   000902692011248461-177                    0000000000000000177800000000002               06177       28031100000000273060000000012N090311060500000000000000000000000000000000000000000000000000000000000259285411000113BANCO PANAMERICANO SA                   AV PAULISTA, 2240                                   00109905                                                            000031
9                                                                                                                                                                                                                                                                                                                                                                                                         000032