01REMESSA01COBRANCA       00000000000004130991SISTEMA DE CARTóRIO CERTIDõES 237BRADESCO       240811        MX0000428                                                                                                                                                                                                                                                                                     000001
1                   000902692011248461-1425                   0000000000000001425P00000000002               011425      01091100000000240000000000012N220811120000000000000800000000000000000000000000000000000000000000000200360305308826104 Caixa Econômica Federal             Rua Estuário, ,36                                   04645100                                                            000002
1                   000902692011248461-1426                   0000000000000001426800000000002               011426      26081100000010000000000000012N220811000000000000000000000000000000000000000000000000000000000000000100008203384862PAULO ROBERTO ORLANDINI                 RUA XV DE NOVEMBRO, 431 - APTO 221                  38400214                                                            000003
1                   000902692011248461-1427                   0000000000000001427600000000002               011427      26091100000010000000000000012N220811000000000000000000000000000000000000000000000000000000000000000100008203384862PAULO ROBERTO ORLANDINI                 RUA XV DE NOVEMBRO, 431 - APTO 221                  38400214                                                            000004
1                   000902692011248461-1428                   0000000000000001428400000000002               011428      26101100000010000000000000012N220811000000000000000000000000000000000000000000000000000000000000000100008203384862PAULO ROBERTO ORLANDINI                 RUA XV DE NOVEMBRO, 431 - APTO 221                  38400214                                                            000005
1                   000902692011248461-1429                   0000000000000001429200000000002               011429      01091100000000280000000000012N220811120000000000000930000000000000000000000000000000000000000000000200360305267887104 Caixa Econômica Federal             Rua São Joaquim,,69-5º andar                        01508000                                                            000006
1                   000902692011248461-1430                   0000000000000001430600000000002               011430      01091100000000176000000000012N220811120000000000000590000000000000000000000000000000000000000000000100021754838863DIVA GRAZIA DE DIVITIIS AMORIM          RUA: HEITOR PEIXOTO,357                             01543000                                                            000007
1                   000902692011248461-1431                   0000000000000001431400000000002               011431      01091100000000176000000000012N220811120000000000000590000000000000000000000000000000000000000000000100010507754735GILBERTO AZEVEDO BORGES                 Rua Professor José Feliciano de Oliveira            03034040                                                            000008
1                   000902692011248461-1432                   0000000000000001432200000000002               011432      01091100000000375000000000012N220811120000000000001250000000000000000000000000000000000000000000000100070653097891CLEONICE PESTILLA                       Avenida Doutor Acyr Alves Leite,350                 16310000                                                            000009
1                   000902692011248461-1433                   0000000000000001433000000000002               011433      01091100000001733600000000012N220811120000000000005780000000000000000000000000000000000000000000000217184037019724389 Banco Mercantil do Brasil S.A.      Rua Capitão Gabriel,235                             07011010                                                            000010
1                   000902692011248461-1434                   0000000000000001434900000000002               011434      01091100000000040000000000012N220811120000000000000130000000000000000000000000000000000000000000000253283180000122Tesheiner Cavassani e Giacomazi AdvogadoRua João Adolfo,118-Conj. 405                       01050020                                                            000011
1                   000902692011248461-1435                   0000000000000001435700000000002               011435      01091100000000144000000000012N220811120000000000000480000000000000000000000000000000000000000000000253283180000122Tesheiner Cavassani e Giacomazi AdvogadoRua João Adolfo,118-Conj. 405                       01050020                                                            000012
1                   000902692011248461-1436                   0000000000000001436500000000002               011436      01091100000000230000000000012N220811120000000000000770000000000000000000000000000000000000000000000233479023000180CITIBANK RISK MANAGEMENT                Avenida Paulista, nº 1.111, 2º andar,1.1            01311920                                                            000013
1                   000902692011248461-1437                   0000000000000001437300000000002               011437      01091100000000560000000000012N220811120000000000001870000000000000000000000000000000000000000000000200360305267887104 Caixa Econômica Federal             Rua São Joaquim ,69-5º andar                        01508001                                                            000014
1                   000902692011248461-1438                   0000000000000001438100000000002               011438      01091100000000510000000000012N220811120000000000001700000000000000000000000000000000000000000000000209624793000194BIANCHINI SOCIEDADE DE ADVOGADOS        Avenida Pedroso de Morais,2315                      05419001                                                            000015
1                   000902692011248461-1439                   0000000000000001439P00000000002               011439      01091100000000170000000000012N220811120000000000000570000000000000000000000000000000000000000000000209624793000194BIANCHINI SOCIEDADE DE ADVOGADOS        Avenida Pedroso de Morais,2315                      05419001                                                            000016
1                   000902692011248461-1440                   0000000000000001440300000000002               011440      01091100000000170000000000012N220811120000000000000570000000000000000000000000000000000000000000000209624793000194BIANCHINI SOCIEDADE DE ADVOGADOS        Avenida Pedroso de Morais,2315                      05419001                                                            000017
1                   000902692011248461-1441                   0000000000000001441100000000002               011441      01091100000000170000000000012N220811120000000000000570000000000000000000000000000000000000000000000209624793000194BIANCHINI SOCIEDADE DE ADVOGADOS        Avenida Pedroso de Morais,2315                      05419001                                                            000018
1                   000902692011248461-1442                   0000000000000001442P00000000002               011442      01091100000000340000000000012N220811120000000000001130000000000000000000000000000000000000000000000209624793000194BIANCHINI SOCIEDADE DE ADVOGADOS        Avenida Pedroso de Morais,2315                      05419001                                                            000019
1                   000902692011248461-1443                   0000000000000001443800000000002               011443      01091100000000230000000000012N220811120000000000000770000000000000000000000000000000000000000000000233479023000180CITIBANK RISK MANAGEMENT                Avenida Paulista, nº 1.111, 2º andar,1.1            01311920                                                            000020
1                   000902692011248461-1444                   0000000000000001444600000000002               011444      01091100000000382000000000012N220811120000000000001270000000000000000000000000000000000000000000000209263012000183Fundo de Investimento em Direitos CreditAvenida Paulista,1499-19º. Andar                    01311200                                                            000021
1                   000902692011248461-1445                   0000000000000001445400000000002               011445      02091100000000476000000000012N230811120000000000001590000000000000000000000000000000000000000000000200360305181656104 Caixa Econômica Federal             Avenida Santo Amaro ,7237                           04701200                                                            000022
1                   000902692011248461-1446                   0000000000000001446200000000002               011446      02091100000000076000000000012N230811120000000000000250000000000000000000000000000000000000000000000200360305024550104 Caixa Econômica Federal             Avenida Doutor Gastão Vidigal,,1437                 05314000                                                            000023
1                   000902692011248461-1447                   0000000000000001447000000000002               011447      02091100000000076000000000012N230811120000000000000250000000000000000000000000000000000000000000000200360305024550104 Caixa Econômica Federal             Avenida Doutor Gastão Vidigal,,1437                 05314000                                                            000024
1                   000902692011248461-1448                   0000000000000001448900000000002               011448      02091100000000326610000000012N230811120000000000001090000000000000000000000000000000000000000000000253283180000122Tesheiner Cavassani e Giacomazi AdvogadoRua João Adolfo,118-Conj. 405                       01050020                                                            000025
1                   000902692011248461-1449                   0000000000000001449700000000002               011449      02091100000000721440000000012N230811120000000000002400000000000000000000000000000000000000000000000253283180000122Tesheiner Cavassani e Giacomazi AdvogadoRua João Adolfo,118-Conj. 405                       01050020                                                            000026
1                   000902692011248461-1450                   0000000000000001450000000000002               011450      02091100000003630470000000012N230811120000000000012100000000000000000000000000000000000000000000000253283180000122Tesheiner Cavassani e Giacomazi AdvogadoRua João Adolfo,118-Conj. 405                       01050020                                                            000027
1                   000902692011248461-1451                   0000000000000001451900000000002               011451      02091100000000080000000000012N230811120000000000000270000000000000000000000000000000000000000000000253283180000122Tesheiner Cavassani e Giacomazi AdvogadoRua João Adolfo,118-Conj. 405                       01050020                                                            000028
1                   000902692011248461-1452                   0000000000000001452700000000002               011452      02091100000000080000000000012N230811120000000000000270000000000000000000000000000000000000000000000209263012000183Fundo de Investimento em Direitos CreditAvenida Paulista,1499-19º. Andar                    01311200                                                            000029
1                   000902692011248461-1453                   0000000000000001453500000000002               011453      02091100000000194000000000012N230811120000000000000650000000000000000000000000000000000000000000000200360305023902104 Caixa Econômica Federal             Rua Augusta,2514/2516                               01412100                                                            000030
1                   000902692011248461-1454                   0000000000000001454300000000002               011454      02091100000000029000000000012N230811120000000000000100000000000000000000000000000000000000000000000210377191000169ACM  Legalizações Empresariais Ltda. - MAvenida Capitão Mário Toledo de Camargo,            09170150                                                            000031
1                   000902692011248461-1455                   0000000000000001455100000000002               011455      02091100000000152000000000012N230811120000000000000510000000000000000000000000000000000000000000000290400888110320353 Banco Santander Brasil S.A.         Avenida Mário Lopes Leão,121                        04754010                                                            000032
1                   000902692011248461-1456                   0000000000000001456P00000000002               011456      02091100000000030000000000012N230811120000000000000100000000000000000000000000000000000000000000000208679884000164FARES HALABIYAH JUNIOR - ME             Rua Itinguçu ,2413                                  03658001                                                            000033
1                   000902692011248461-1457                   0000000000000001457800000000002               011457      02091100000000050000000000012N230811120000000000000170000000000000000000000000000000000000000000000209341920000148CPM Braxis BPO Ltda                     Rua Campos Sales ,308                               06401000                                                            000034
1                   000902692011248461-1458                   0000000000000001458600000000002               011458      02091100000000142000000000012N230811120000000000000470000000000000000000000000000000000000000000000100038126331836LIGIA OLIVEIRA FERNANDES SANTOS         Rua Crisântemo,43 A                                 09332100                                                            000035
1                   000902692011248461-1459                   0000000000000001459400000000002               011459      02091100000000179000000000012N230811120000000000000600000000000000000000000000000000000000000000000100041974301591MARIA BATISTA SANTOS                    Rua João Álvares Soares,589                         04609003                                                            000036
1                   000902692011248461-1460                   0000000000000001460800000000002               011460      02091100000000142000000000012N230811120000000000000470000000000000000000000000000000000000000000000100038333237878JULIANA MARQUES DE OLIVEIRA             Rua José Mendes de Souza ,112                       09842135                                                            000037
1                   000902692011248461-1461                   0000000000000001461600000000002               011461      05091100000001500000000000012N240811120000000000005000000000000000000000000000000000000000000000000209263012000183Fundo de Investimento em Direitos CreditAvenida Paulista,1499-19º. Andar                    01311200                                                            000038
1                   000902692011248461-1462                   0000000000000001462400000000002               011462      03091100000000100000000000012N240811120000000000000330000000000000000000000000000000000000000000000200360305288701104 Caixa Econômica Federal             Rua Estados Unidos,1725                             01427002                                                            000039
1                   000902692011248461-1463                   0000000000000001463200000000002               011463      05091100000000228000000000012N240811120000000000000760000000000000000000000000000000000000000000000217184037019724389 Banco Mercantil do Brasil S.A.      Rua Capitão Gabriel,235                             07011010                                                            000040
1                   000902692011248461-1361                   0000000000000001361P00000000002               021361      12081100000010000000000000012N080811000000000000000000000000000000000000000000000000000000000000000100081307587004RAFAEL MROZINSKI                        AV. MATO GROSSO DO SUL, 201                         78455000                                                            000041
1                   000902692011248461-1151                   0000000000000001151P00000000002               021151      28071100000000406000000000012N180711120000000000010000000000000000000000000000000000000000000000000200360305196920104 Caixa Econômica Federal             Alameda Araguaia,,370/380                           06454400                                                            000042
1                   000902692011248461-1408                   0000000000000001408P00000000002               311408      08091100000000140000000000012N180811120000000000010000000000000000000000000000000000000000000000000208351432000159LIBRO COMPANHIA SECURITIZADORA DE CREDITAvenida Paulista,1499 – 19º. Andar ,1499            01311200                                                            000043
1                   000902692011248461-1408                   0000000000000001408P00000000002               061408      08091100000000140000000000012N180811120000000000010000000000000000000000000000000000000000000000000208351432000159LIBRO COMPANHIA SECURITIZADORA DE CREDITAvenida Paulista,1499 – 19º. Andar ,1499            01311200                                                            000044
9                                                                                                                                                                                                                                                                                                                                                                                                         000045