01REMESSA01COBRANCA       00000000000004130991SISTEMA DE CARTÛRIO CERTIDıES 237BRADESCO       240112        MX0000500                                                                                                                                                                                                                                                                                     000001
1                   000902692011248461-2717                   0000000000000002717300000000002               012717      02021200000000040250000000012N230112120000000000000130000000000000000000000000000000000000000000000210377191000169ACM ASSESSORIA CONTABIL LTDA            Avenida Capit„o M·rio Toledo de Camargo,            09170150                                                            000002
1                   000902692011248461-2718                   0000000000000002718100000000002               012718      03021200000001150000000000012N240112120000000000003830000000000000000000000000000000000000000000000262232889000190Banco Daycoval S/A                      Avenida Paulista ,1793-02∫ Andar                    01311200                                                            000003
1                   000902692011248461-2708                   0000000000000002708400000000002               022708      30011200000000210000000000012N200112120000000000010000000000000000000000000000000000000000000000000262232889000190Banco Daycoval S/A                      Avenida Paulista ,1793-02∫ Andar                    01311200                                                            000004
9                                                                                                                                                                                                                                                                                                                                                                                                         000005