01REMESSA01COBRANCA       00000000000004130991SISTEMA DE CARTóRIO CERTIDõES 237BRADESCO       240611        MX0000390                                                                                                                                                                                                                                                                                     000001
1                   000902692011248461-937                    0000000000000000937P00000000002               01937       01071100000000688000000000012N210611000000000000002290000000000000000000000000000000000000000000000200360305136510104 Caixa Econômica Federal             Estrada do Campo Limpo ,3877                        05777000                                                            000002
1                   000902692011248461-938                    0000000000000000938800000000002               01938       01071100000004491600000000012N210611000000000000014970000000000000000000000000000000000000000000000233479023000180CITIBANK RISK MANAGEMENT                Avenida Paulista, nº 1.111, 2º andar,1.1            01311920                                                            000003
1                   000902692011248461-939                    0000000000000000939600000000002               01939       01071100000000300000000000012N210611000000000000001000000000000000000000000000000000000000000000000200360305122137104 Caixa Econômica Federal             AV: Professor Francisco Morato,1415,1415            05513100                                                            000004
1                   000902692011248461-940                    0000000000000000940P00000000002               01940       01071100000001615400000000012N210611000000000000005380000000000000000000000000000000000000000000000209527407000146Nova Olimpia Promoção e Eventos Ltda.   Rua Tagipuru,795-Sobreloja                          01156000                                                            000005
1                   000902692011248461-941                    0000000000000000941800000000002               01941       01071100000000192000000000012N210611000000000000000640000000000000000000000000000000000000000000000200360305160810104 Caixa Econômica Federal             Rua Antônio Bernardo Coutinho,,149                  06013050                                                            000006
1                   000902692011248461-942                    0000000000000000942600000000002               01942       01071100000000412000000000012N210611000000000000001370000000000000000000000000000000000000000000000262232889000190Banco Daycoval S/A                      Avenida Paulista ,1793-02º Andar                    01311200                                                            000007
1                   000902692011248461-943                    0000000000000000943400000000002               01943       01071100000000230000000000012N210611000000000000000770000000000000000000000000000000000000000000000208344024000170GAE CONFECÇÕES DE ROUPAS LTDA EPP       Rua Mendes Júnior,539                               03013010                                                            000008
1                   000902692011248461-944                    0000000000000000944200000000002               01944       01071100000000238000000000012N210611000000000000000790000000000000000000000000000000000000000000000100017506301920SILVESTRE DENTI NETTO                   Rua Olavo Bilac ,02                                 09401370                                                            000009
1                   000902692011248461-945                    0000000000000000945000000000002               01945       08071100000000155000000000012N210611000000000000000520000000000000000000000000000000000000000000000109263012000183Fundo de Investimento em Direitos CreditAvenida Paulista ,1499-19º. Andar                   01311200                                                            000010
1                   000902692011248461-946                    0000000000000000946900000000002               01946       01071100000000090000000000012N210611120000000000000300000000000000000000000000000000000000000000000100014354854830SOLANGE SANTOS DA SILVA                 Rua Manoel Fialho,28                                05856120                                                            000011
1                   000902692011248461-947                    0000000000000000947700000000002               01947       01071100000000180000000000012N210611120000000000000600000000000000000000000000000000000000000000000262232889000190Banco Daycoval S/A                      Avenida Paulista - de 1047 a 1865 - lado            01311200                                                            000012
1                   000902692011248461-948                    0000000000000000948500000000002               01948       01071100000000180000000000012N210611120000000000000600000000000000000000000000000000000000000000000262232889000190Banco Daycoval S/A                      Avenida Paulista ,1793-02º Andar                    01311200                                                            000013
1                   000902692011248461-949                    0000000000000000949300000000002               01949       04071100000000184000000000012N220611120000000000000610000000000000000000000000000000000000000000000100066475198749MARIA AGDA DA SILVA                     Estrada do Regalado,138                             09330820                                                            000014
1                   000902692011248461-950                    0000000000000000950700000000002               01950       04071100000000709200000000012N220611120000000000002360000000000000000000000000000000000000000000000200360305024127104 Caixa Econômica Federal             Rua Cajuru,1103/1107                                03057000                                                            000015
1                   000902692011248461-951                    0000000000000000951500000000002               01951       04071100000000090000000000012N220611120000000000000300000000000000000000000000000000000000000000000100046241957449APARECIDO BEZERRA DOS SANTOS            Rua Manoel de Nóbrega,145                           06787330                                                            000016
1                   000902692011248461-578                    0000000000000000578100000000002               02578       09051100000000669800000000012N290411000000000000010000000000000000000000000000000000000000000000000200360305023902104 Caixa Econômica Federal             Rua Augusta,2514/2516                               01412100                                                            000017
1                   000902692011248461-917                    0000000000000000917500000000002               31917       08071100000000475000000000012N140611000000000000010000000000000000000000000000000000000000000000000209263012000183Fundo de Investimento em Direitos CreditAvenida Paulista ,1499-19º. Andar                   01311200                                                            000018
1                   000902692011248461-917                    0000000000000000917500000000002               06917       08061100000000320000000000012N140611000000000000010000000000000000000000000000000000000000000000000209263012000183Fundo de Investimento em Direitos CreditAvenida Paulista ,1499-19º. Andar                   01311200                                                            000019
1                   000902692011248461-917                    0000000000000000917500000000002               31917       08071100000000320000000000012N140611000000000000010000000000000000000000000000000000000000000000000209263012000183Fundo de Investimento em Direitos CreditAvenida Paulista ,1499-19º. Andar                   01311200                                                            000020
1                   000902692011248461-917                    0000000000000000917500000000002               06917       08071100000000320000000000012N140611000000000000010000000000000000000000000000000000000000000000000209263012000183Fundo de Investimento em Direitos CreditAvenida Paulista ,1499-19º. Andar                   01311200                                                            000021
1                   000902692011248461-916                    0000000000000000916700000000002               06916       08071100000000360000000000012N140611000000000000010000000000000000000000000000000000000000000000000209263012000183Fundo de Investimento em Direitos CreditAvenida Paulista ,1499-19º. Andar                   01311200                                                            000022
1                   000902692011248461-916                    0000000000000000916700000000002               31916       08071100000000360000000000012N140611000000000000010000000000000000000000000000000000000000000000000209263012000183Fundo de Investimento em Direitos CreditAvenida Paulista ,1499-19º. Andar                   01311200                                                            000023
1                   000902692011248461-822                    0000000000000000822500000000002               06822       27061100000000210760000000012N010611000000000000010000000000000000000000000000000000000000000000000111455316000194POSTAL JARAGUÁ LTDA                     Rua Reinoldo Rauf,60-Sala 02 | Ed. Marke            89251600Protesto após 5 dias                                        000024
9                                                                                                                                                                                                                                                                                                                                                                                                         000025