01REMESSA01COBRANCA       00000000000004130991SISTEMA DE CARTóRIO CERTIDõES 237BRADESCO       240211        MX0000323                                                                                                                                                                                                                                                                                     000001
1                   000902692011248461-71                     0000000000000000071200000000002               0171        10031100000000210000000000012N240211000000000000010000000000000000000000000000000000000000000000000200360305024127104 Caixa Econômica Federal             Rua Cajuru,1103/1107                                03057000                                                            000002
1                   000902692011248461-69                     0000000000000000069000000000002               0169        10031100000000132000000000012N240211000000000000010000000000000000000000000000000000000000000000000100012763441807IZABEL RIBEIRO                          Rua Antônio Dias da Silva,88                        02618110                                                            000003
1                   000902692011248461-70                     0000000000000000070400000000002               0170        06031100000000318770000000012N240211000000000000010000000000000000000000000000000000000000000000000200360305276606104 Caixa Econômica Federal             Avenida Paulista ,1345-1º Andar                     01311200                                                            000004
1                   000902692011248461-68                     0000000000000000068200000000002               0168        10031100000000143000000000012N240211000000000000010000000000000000000000000000000000000000000000000100029703497870FABIANA MARIA PAIXÃO                    Rua Manuel de Mattos Godinho,406                    03814020                                                            000005
9                                                                                                                                                                                                                                                                                                                                                                                                         000006
