01REMESSA01COBRANCA       00000000000004130991SISTEMA DE CARTóRIO CERTIDõES 237BRADESCO       250411        MX0000352                                                                                                                                                                                                                                                                                     000001
1                   000902692011248461-532                    0000000000000000532300000000002               01532       30041100000000134000000000012N200411000000000000000450000000000000000000000000000000000000000000000100035647348807EDSON LOPES DA SILVA                    Avenida Nove de Julho,1084                          06852150                                                            000002
1                   000902692011248461-533                    0000000000000000533100000000002               01533       30041100000000100000000000012N200411000000000000000330000000000000000000000000000000000000000000000100008207730854JOSE LUCIO DE LIMA                      Rua Jeni Klabin Segall,477                          02542120                                                            000003
1                   000902692011248461-534                    0000000000000000534P00000000002               01534       30041100000000160000000000012N200411000000000000000530000000000000000000000000000000000000000000000201701201000189HSBC BANK BRASIL S/A. (CSU - PROCESSOS JRua Estanislau Cardoso,870-BLOCO 1 ALA A            81810380                                                            000004
1                   000902692011248461-536                    0000000000000000536600000000002               01536       05051100000000097000000000012N250411000000000000000320000000000000000000000000000000000000000000000100003713904944DANIELLA MASSUKI PEGO                   Rua Antônio Florindo de Souza,55                    06604120                                                            000005
1                   000902692011248461-445                    0000000000000000445900000000002               02445       17041100000000198200000000012N070411000000000000010000000000000000000000000000000000000000000000000200360305025441104 Caixa Econômica Federal             RUA: Joaquim Floriano, 446,446                      04534002                                                            000006
1                   000902692011248461-484                    0000000000000000484P00000000002               02484       23041100000000340000000000012N130411000000000000010000000000000000000000000000000000000000000000000200360305025441104 Caixa Econômica Federal             RUA: Joaquim Floriano, 446,446                      04534002                                                            000007
1                   000902692011248461-445                    0000000000000000445900000000002               02445       17041100000000198200000000012N070411000000000000010000000000000000000000000000000000000000000000000200360305025441104 Caixa Econômica Federal             RUA: Joaquim Floriano, 446,446                      04534002                                                            000008
9                                                                                                                                                                                                                                                                                                                                                                                                         000009