01REMESSA01COBRANCA       00000000000004130991SISTEMA DE CARTóRIO CERTIDõES 237BRADESCO       251111        MX0000473                                                                                                                                                                                                                                                                                     000001
1                   000902692011248461-2261                   0000000000000002261900000000002               012261      05121100000000140000000000012N241111120000000000000470000000000000000000000000000000000000000000000262232889000190Banco Daycoval S/A                      Avenida Paulista ,1793-02º Andar                    01311200                                                            000002
1                   000902692011248461-2245                   0000000000000002245700000000002               012245      05121100000000432000000000012N231111120000000000001440000000000000000000000000000000000000000000000210732210000128Almeida Tavares Sanches e Silva         Alameda Santos ,2335-6º andar                       01419002                                                            000003
1                   000902692011248461-2246                   0000000000000002246500000000002               012246      05121100000000388680000000012N231111120000000000001300000000000000000000000000000000000000000000000253283180000122Tesheiner Cavassani e Giacomazi AdvogadoRua João Adolfo,118-Conj. 405                       01050020                                                            000004
1                   000902692011248461-2247                   0000000000000002247300000000002               012247      05121100000000334000000000012N231111120000000000001110000000000000000000000000000000000000000000000253283180000122Tesheiner Cavassani e Giacomazi AdvogadoRua João Adolfo,118-Conj. 405                       01050020                                                            000005
1                   000902692011248461-2248                   0000000000000002248100000000002               012248      05121100000000664710000000012N231111120000000000002220000000000000000000000000000000000000000000000253283180000122Tesheiner Cavassani e Giacomazi AdvogadoRua João Adolfo,118-Conj. 405                       01050020                                                            000006
1                   000902692011248461-2249                   0000000000000002249P00000000002               012249      05121100000000409540000000012N231111120000000000001370000000000000000000000000000000000000000000000253283180000122Tesheiner Cavassani e Giacomazi AdvogadoRua João Adolfo,118-Conj. 405                       01050020                                                            000007
1                   000902692011248461-2250                   0000000000000002250300000000002               012250      05121100000000344270000000012N231111120000000000001150000000000000000000000000000000000000000000000253283180000122Tesheiner Cavassani e Giacomazi AdvogadoRua João Adolfo,118-Conj. 405                       01050020                                                            000008
1                   000902692011248461-2251                   0000000000000002251100000000002               012251      05121100000000302040000000012N231111120000000000001010000000000000000000000000000000000000000000000253283180000122Tesheiner Cavassani e Giacomazi AdvogadoRua João Adolfo,118-Conj. 405                       01050020                                                            000009
1                   000902692011248461-2252                   0000000000000002252P00000000002               012252      05121100000000339520000000012N231111120000000000001130000000000000000000000000000000000000000000000253283180000122Tesheiner Cavassani e Giacomazi AdvogadoRua João Adolfo,118-Conj. 405                       01050020                                                            000010
1                   000902692011248461-2253                   0000000000000002253800000000002               012253      05121100000000456000000000012N231111120000000000001520000000000000000000000000000000000000000000000209624793000194BIANCHINI SOCIEDADE DE ADVOGADOS        Avenida Pedroso de Morais,2315                      05419001                                                            000011
1                   000902692011248461-2254                   0000000000000002254600000000002               012254      05121100000000060000000000012N231111120000000000000200000000000000000000000000000000000000000000000201318126000171DR RAMOS ADVOGADOS ASSOCIADOS.          Rua Voluntários da Pátria ,2540                     02402000                                                            000012
1                   000902692011248461-2255                   0000000000000002255400000000002               012255      05121100000000140000000000012N231111120000000000000470000000000000000000000000000000000000000000000262232889000190Banco Daycoval S/A                      Avenida Paulista ,1793-02º Andar                    01311200                                                            000013
1                   000902692011248461-2256                   0000000000000002256200000000002               012256      05121100000000284000000000012N231111120000000000000950000000000000000000000000000000000000000000000100017683448842LUIS MARTINS NETTO                      Rua Barão de Ladário,670-SL. 404                    03010000                                                            000014
1                   000902692011248461-2257                   0000000000000002257000000000002               012257      05121100000000090000000000012N241111120000000000000300000000000000000000000000000000000000000000000100003514276862ANTONIO ROBERTO CABRERA                 Avenida Doutor Eurico Arrais Seródio,111            13611331                                                            000015
1                   000902692011248461-2258                   0000000000000002258900000000002               012258      05121100000000122000000000012N241111120000000000000410000000000000000000000000000000000000000000000200360305297875104 Caixa Econômica Federal             Rua Dom José Gaspar,1194                            09370670                                                            000016
1                   000902692011248461-2259                   0000000000000002259700000000002               012259      05121100000000560000000000012N241111120000000000001870000000000000000000000000000000000000000000000262232889000190Banco Daycoval S/A                      Avenida Paulista ,1793-02º Andar                    01311200                                                            000017
1                   000902692011248461-2260                   0000000000000002260000000000002               012260      12121100000000827400000000012N241111120000000000002760000000000000000000000000000000000000000000000233479023000180BANCO CITIBANK S.A                      Avenida Paulista, nº 1.111, 2º andar,1.1            01311920                                                            000018
1                   000902692011248461-2262                   0000000000000002262700000000002               012262      05121100000000076000000000012N241111120000000000000250000000000000000000000000000000000000000000000200360305267887104 Caixa Econômica Federal             Rua São Joaquim,,69-5º andar                        01508000                                                            000019
1                   000902692011248461-2263                   0000000000000002263500000000002               012263      05121100000000420000000000012N251111120000000000001400000000000000000000000000000000000000000000000262232889000190Banco Daycoval S/A                      Avenida Paulista ,1793-02º Andar                    01311200                                                            000020
1                   000902692011248461-2187                   0000000000000002187600000000002               062187      23111100000000174000000000012N101111120000000000010000000000000000000000000000000000000000000000000100002332149848Luiz Flavio Borges Durso                Rua: Nestor Pestana, 125   6 º Andar                01303010Ordem 145428/1                                              000021
1                   000902692011248461-2160                   0000000000000002160400000000002               062160      09121100000000184000000000012N091111120000000000010000000000000000000000000000000000000000000000000205607427000176HSBC VIDA E PREVIDÊNCIA ( BRASIL ) S/A  Travessa Oliveira Belo                              81630010                                                            000022
1                   000902692011248461-2160                   0000000000000002160400000000002               312160      09121100000000184000000000012N091111120000000000010000000000000000000000000000000000000000000000000205607427000176HSBC VIDA E PREVIDÊNCIA ( BRASIL ) S/A  Travessa Oliveira Belo                              81630010                                                            000023
9                                                                                                                                                                                                                                                                                                                                                                                                         000024