01REMESSA01COBRANCA       00000000000004130991SISTEMA DE CARTóRIO CERTIDõES 237BRADESCO       250711        MX0000409                                                                                                                                                                                                                                                                                     000001
1                   000902692011248461-1189                   0000000000000001189700000000002               011189      04081100000000086000000000012N250711120000000000000290000000000000000000000000000000000000000000000210377191000169ACM  Legalizações Empresariais Ltda. - MAvenida Capitão Mário Toledo de Camargo,            09170150                                                            000002
1                   000902692011248461-1190                   0000000000000001190000000000002               011190      04081100000000154530000000012N250711120000000000000520000000000000000000000000000000000000000000000203301938000130SPLENDIDO ALIMENTACAO E SERVICOS LTDA   Rua do Orfanato,760-Sala 113, 11º andar             03131010                                                            000003
1                   000902692011248461-1191                   0000000000000001191900000000002               011191      04081100000000540000000000012N250711120000000000001800000000000000000000000000000000000000000000000208472787000104LC 15 COMERCIO E CONFECÇÕES LTDA - ME   Rua da Juta,369                                     03010010                                                            000004
1                   000902692011248461-1192                   0000000000000001192700000000002               011192      04081100000000328020000000012N250711120000000000001090000000000000000000000000000000000000000000000209263012000183Fundo de Investimento em Direitos CreditAvenida Paulista ,1499-19º. Andar                   01311200                                                            000005
1                   000902692011248461-1193                   0000000000000001193500000000002               011193      04081100000001024400000000012N250711120000000000003410000000000000000000000000000000000000000000000262232889000190Banco Daycoval S/A                      Avenida Paulista ,1793-02º Andar                    01311200                                                            000006
1                   000902692011248461-1194                   0000000000000001194300000000002               011194      04081100000000352000000000012N250711120000000000001170000000000000000000000000000000000000000000000233479023000180CITIBANK RISK MANAGEMENT                Avenida Paulista, nº 1.111, 2º andar,1.1            01311920                                                            000007
1                   000902692011248461-1195                   0000000000000001195100000000002               011195      04081100000000217000000000012N250711120000000000000720000000000000000000000000000000000000000000000210377191000169ACM  Legalizações Empresariais Ltda. - MAvenida Capitão Mário Toledo de Camargo,            09170150                                                            000008
1                   000902692011248461-1196                   0000000000000001196P00000000002               011196      04081100000000109340000000012N250711120000000000000360000000000000000000000000000000000000000000000200360305267887104 Caixa Econômica Federal             Rua São Joaquim ,69-5º andar                        01508001                                                            000009
1                   000902692011248461-1197                   0000000000000001197800000000002               011197      04081100000000076000000000012N250711120000000000000250000000000000000000000000000000000000000000000200360305267887104 Caixa Econômica Federal             Rua São Joaquim ,69-5º andar                        01508001                                                            000010
1                   000902692011248461-1198                   0000000000000001198600000000002               011198      04081100000000109340000000012N250711120000000000000360000000000000000000000000000000000000000000000200360305267887104 Caixa Econômica Federal             Rua São Joaquim ,69-5º andar                        01508001                                                            000011
1                   000902692011248461-1199                   0000000000000001199400000000002               011199      04081100000000130000000000012N250711120000000000000430000000000000000000000000000000000000000000000201318126000171DR RAMOS ADVOGADOS ASSOCIADOS.          Rua Voluntários da Pátria,2540                      02402000                                                            000012
1                   000902692011248461-1200                   0000000000000001200100000000002               011200      04081100000000218680000000012N250711120000000000000730000000000000000000000000000000000000000000000200360305267887104 Caixa Econômica Federal             Rua São Joaquim ,69-5º andar                        01508001                                                            000013
1                   000902692011248461-1201                   0000000000000001201P00000000002               011201      04081100000000040000000000012N250711120000000000000130000000000000000000000000000000000000000000000200360305289937104 Caixa Econômica Federal             Avenida Brigadeiro Luís Antônio ,580                01318000                                                            000014
1                   000902692011248461-1202                   0000000000000001202800000000002               011202      04081100000000884530000000012N250711120000000000002950000000000000000000000000000000000000000000000200360305267887104 Caixa Econômica Federal             Rua São Joaquim ,69-5º andar                        01508001                                                            000015
1                   000902692011248461-1203                   0000000000000001203600000000002               011203      04081100000000040000000000012N250711120000000000000130000000000000000000000000000000000000000000000200360305025441104 Caixa Econômica Federal             RUA: Joaquim Floriano, 446,446                      04534002                                                            000016
1                   000902692011248461-1204                   0000000000000001204400000000002               011204      04081100000000150000000000012N250711120000000000000500000000000000000000000000000000000000000000000253283180000122Tesheiner Cavassani e Giacomazi AdvogadoRua João Adolfo,118-Conj. 405                       01050020                                                            000017
1                   000902692011248461-1205                   0000000000000001205200000000002               011205      04081100000000256000000000012N250711120000000000000850000000000000000000000000000000000000000000000253283180000122Tesheiner Cavassani e Giacomazi AdvogadoRua João Adolfo,118-Conj. 405                       01050020                                                            000018
1                   000902692011248461-1206                   0000000000000001206000000000002               011206      04081100000000349920000000012N250711120000000000001170000000000000000000000000000000000000000000000253283180000122Tesheiner Cavassani e Giacomazi AdvogadoRua João Adolfo,118-Conj. 405                       01050020                                                            000019
1                   000902692011248461-1207                   0000000000000001207900000000002               011207      04081100000000161480000000012N250711120000000000000540000000000000000000000000000000000000000000000253283180000122Tesheiner Cavassani e Giacomazi AdvogadoRua João Adolfo,118-Conj. 405                       01050020                                                            000020
1                   000902692011248461-1208                   0000000000000001208700000000002               011208      04081100000000292530000000012N250711120000000000000980000000000000000000000000000000000000000000000253283180000122Tesheiner Cavassani e Giacomazi AdvogadoRua João Adolfo,118-Conj. 405                       01050020                                                            000021
1                   000902692011248461-1186                   0000000000000001186200000000002               021186      30081100000025000000000000012N220711000000000000000000000000000000000000000000000000000000000000000100011698977700SUELI DE PAULA FRANCA                   RUA ALAOR QUEIROZ DE ARAUJO, 115 AP 401             29060370                                                            000022
9                                                                                                                                                                                                                                                                                                                                                                                                         000023