01REMESSA01COBRANCA       00000000000004130991SISTEMA DE CARTóRIO CERTIDõES 237BRADESCO       250811        MX0000429                                                                                                                                                                                                                                                                                     000001
1                   000902692011248461-1464                   0000000000000001464000000000002               011464      05091100000000240000000000012N240811120000000000000800000000000000000000000000000000000000000000000200360305024550104 Caixa Econômica Federal             Avenida Doutor Gastão Vidigal,1437                  05314000                                                            000002
1                   000902692011248461-1465                   0000000000000001465900000000002               011465      29081100000015000000000000012N240811000000000000000000000000000000000000000000000000000000000000000100030525234810APOLO VENTURA LEMOS                     RUA SANTA CATARINA, 200                             78850000                                                            000003
1                   000902692011248461-1466                   0000000000000001466700000000002               011466      29091100000015000000000000012N240811000000000000000000000000000000000000000000000000000000000000000100030525234810APOLO VENTURA LEMOS                     RUA SANTA CATARINA, 200                             78850000                                                            000004
1                   000902692011248461-1467                   0000000000000001467500000000002               011467      01091100000010000000000000012N240811000000000000000000000000000000000000000000000000000000000000000100000162606869DECIO REGINALDO HENRIQUES               RUA ALAYDE MATHIAS FERREIRA, 510                    12952597                                                            000005
1                   000902692011248461-1468                   0000000000000001468300000000002               011468      14101100000010000000000000012N240811000000000000000000000000000000000000000000000000000000000000000100000162606869DECIO REGINALDO HENRIQUES               RUA ALAYDE MATHIAS FERREIRA, 510                    12952597                                                            000006
1                   000902692011248461-1469                   0000000000000001469100000000002               011469      01091100000024000000000000012N240811000000000000000000000000000000000000000000000000000000000000000100033452651843RAFAELA FALCATO DE OLIVEIRA             RUA FERREIRA PENTEADO, 1338 APTO 41                 13010041                                                            000007
1                   000902692011248461-1470                   0000000000000001470500000000002               011470      15091100000000339600000000012N250811000000000000000000000000000000000000000000000000000000000000000211253279000131ANDRIETTA & PIVA LTDA                   R. GOV. PEDRO DE TOLEDO, 569                        13400070                                                            000008
1                   000902692011248461-1471                   0000000000000001471300000000002               011471      15101100000000339600000000012N250811000000000000000000000000000000000000000000000000000000000000000211253279000131ANDRIETTA & PIVA LTDA                   R. GOV. PEDRO DE TOLEDO, 569                        13400070                                                            000009
1                   000902692011248461-1472                   0000000000000001472100000000002               011472      15111100000000339600000000012N250811000000000000000000000000000000000000000000000000000000000000000211253279000131ANDRIETTA & PIVA LTDA                   R. GOV. PEDRO DE TOLEDO, 569                        13400070                                                            000010
1                   000902692011248461-1473                   0000000000000001473P00000000002               011473      15121100000000339600000000012N250811000000000000000000000000000000000000000000000000000000000000000211253279000131ANDRIETTA & PIVA LTDA                   R. GOV. PEDRO DE TOLEDO, 569                        13400070                                                            000011
1                   000902692011248461-1474                   0000000000000001474800000000002               011474      15011200000000339600000000012N250811000000000000000000000000000000000000000000000000000000000000000211253279000131ANDRIETTA & PIVA LTDA                   R. GOV. PEDRO DE TOLEDO, 569                        13400070                                                            000012
1                   000902692011248461-1475                   0000000000000001475600000000002               011475      15021200000000339600000000012N250811000000000000000000000000000000000000000000000000000000000000000211253279000131ANDRIETTA & PIVA LTDA                   R. GOV. PEDRO DE TOLEDO, 569                        13400070                                                            000013
1                   000902692011248461-1476                   0000000000000001476400000000002               011476      15031200000000339600000000012N250811000000000000000000000000000000000000000000000000000000000000000211253279000131ANDRIETTA & PIVA LTDA                   R. GOV. PEDRO DE TOLEDO, 569                        13400070                                                            000014
1                   000902692011248461-1477                   0000000000000001477200000000002               011477      15041200000000339600000000012N250811000000000000000000000000000000000000000000000000000000000000000211253279000131ANDRIETTA & PIVA LTDA                   R. GOV. PEDRO DE TOLEDO, 569                        13400070                                                            000015
1                   000902692011248461-1478                   0000000000000001478000000000002               011478      15051200000000339600000000012N250811000000000000000000000000000000000000000000000000000000000000000211253279000131ANDRIETTA & PIVA LTDA                   R. GOV. PEDRO DE TOLEDO, 569                        13400070                                                            000016
1                   000902692011248461-1479                   0000000000000001479900000000002               011479      15061200000000339600000000012N250811000000000000000000000000000000000000000000000000000000000000000211253279000131ANDRIETTA & PIVA LTDA                   R. GOV. PEDRO DE TOLEDO, 569                        13400070                                                            000017
1                   000902692011248461-1480                   0000000000000001480200000000002               011480      05091100000030000000000000012N250811000000000000000000000000000000000000000000000000000000000000000100019709304821RAFAEL DE BARROS CAMARGO                RUA JOSE BUCCI, 42                                  13482483                                                            000018
1                   000902692011248461-1481                   0000000000000001481000000000002               011481      20101100000030000000000000012N250811000000000000000000000000000000000000000000000000000000000000000100019709304821RAFAEL DE BARROS CAMARGO                RUA JOSE BUCCI, 42                                  13482483                                                            000019
1                   000902692011248461-1457                   0000000000000001457800000000002               021457      02091100000000050000000000012N230811120000000000010000000000000000000000000000000000000000000000000209341920000148CPM Braxis BPO Ltda                     Rua Campos Sales ,308                               06401000                                                            000020
1                   000902692011248461-1420                   0000000000000001420900000000002               061420      05091100000001824000000000012N220811120000000000010000000000000000000000000000000000000000000000000208351432000159LIBRO COMPANHIA SECURITIZADORA DE CREDITAvenida Paulista,1499 – 19º. Andar ,1499            01311200                                                            000021
1                   000902692011248461-1420                   0000000000000001420900000000002               311420      09091100000001796640000000012N220811120000000000010000000000000000000000000000000000000000000000000208351432000159LIBRO COMPANHIA SECURITIZADORA DE CREDITAvenida Paulista,1499 – 19º. Andar ,1499            01311200                                                            000022
1                   000902692011248461-1420                   0000000000000001420900000000002               061420      09091100000001824000000000012N220811120000000000010000000000000000000000000000000000000000000000000208351432000159LIBRO COMPANHIA SECURITIZADORA DE CREDITAvenida Paulista,1499 – 19º. Andar ,1499            01311200                                                            000023
1                   000902692011248461-1420                   0000000000000001420900000000002               311420      09091100000001824000000000012N220811120000000000010000000000000000000000000000000000000000000000000208351432000159LIBRO COMPANHIA SECURITIZADORA DE CREDITAvenida Paulista,1499 – 19º. Andar ,1499            01311200                                                            000024
1                   000902692011248461-1387                   0000000000000001387300000000002               311387      01091100000002200000000000012N150811120000000000010000000000000000000000000000000000000000000000000217184037019724389 Banco Mercantil do Brasil S.A.      Rua Capitão Gabriel,235                             07011010                                                            000025
1                   000902692011248461-1387                   0000000000000001387300000000002               061387      01091100000002200000000000012N150811120000000000010000000000000000000000000000000000000000000000000217184037019724389 Banco Mercantil do Brasil S.A.      Rua Capitão Gabriel,235                             07011010                                                            000026
1                   000902692011248461-1433                   0000000000000001433000000000002               311433      01091100000001760000000000012N220811120000000000010000000000000000000000000000000000000000000000000217184037019724389 Banco Mercantil do Brasil S.A.      Rua Capitão Gabriel,235                             07011010                                                            000027
1                   000902692011248461-1433                   0000000000000001433000000000002               061433      01091100000001760000000000012N220811120000000000010000000000000000000000000000000000000000000000000217184037019724389 Banco Mercantil do Brasil S.A.      Rua Capitão Gabriel,235                             07011010                                                            000028
1                   000902692011248461-1354                   0000000000000001354700000000002               021354      15081100000000240000000000012N040811120000000000010000000000000000000000000000000000000000000000000200360305024127104 Caixa Econômica Federal             Rua Cajuru,1103/1107                                03057000                                                            000029
1                   000902692011248461-1443                   0000000000000001443800000000002               311443      09091100000000230000000000012N220811120000000000010000000000000000000000000000000000000000000000000233479023000180BANCO CITIBANK S.A                      Avenida Paulista, nº 1.111, 2º andar,1.1            01311920                                                            000030
1                   000902692011248461-1443                   0000000000000001443800000000002               061443      09091100000000230000000000012N220811120000000000010000000000000000000000000000000000000000000000000233479023000180BANCO CITIBANK S.A                      Avenida Paulista, nº 1.111, 2º andar,1.1            01311920                                                            000031
1                   000902692011248461-1436                   0000000000000001436500000000002               311436      09091100000000230000000000012N220811120000000000010000000000000000000000000000000000000000000000000233479023000180BANCO CITIBANK S.A                      Avenida Paulista, nº 1.111, 2º andar,1.1            01311920                                                            000032
1                   000902692011248461-1436                   0000000000000001436500000000002               061436      09091100000000230000000000012N220811120000000000010000000000000000000000000000000000000000000000000233479023000180BANCO CITIBANK S.A                      Avenida Paulista, nº 1.111, 2º andar,1.1            01311920                                                            000033
9                                                                                                                                                                                                                                                                                                                                                                                                         000034