01REMESSA01COBRANCA       00000000000004130991SISTEMA DE CARTóRIO CERTIDõES 237BRADESCO       250511        MX0000371                                                                                                                                                                                                                                                                                     000001
1                   000902692011248461-766                    0000000000000000766000000000002               01766       06061100000000159000000000012N250511000000000000000530000000000000000000000000000000000000000000000100006242816636MARIA GERALDA DE ALMEIDA                Rua João Pedro Fabel,173                            31610470                                                            000002
1                   000902692011248461-767                    0000000000000000767900000000002               01767       06061100000000212000000000012N250511000000000000000710000000000000000000000000000000000000000000000200360305024550104 Caixa Econômica Federal             Avenida Doutor Gastão Vidigal,1437                  05314000                                                            000003
1                   000902692011248461-768                    0000000000000000768700000000002               01768       06061100000000916050000000012N250511000000000000003050000000000000000000000000000000000000000000000260746948173564237 Banco Bradesco S.A.                 Avenida Paranaguá,1814                              03806000                                                            000004
1                   000902692011248461-769                    0000000000000000769500000000002               01769       06061100000000176000000000012N250511000000000000000590000000000000000000000000000000000000000000000233479023000180CITIBANK RISK MANAGEMENT                Avenida Paulista,1.111-2º andar                     01311920                                                            000005
9                                                                                                                                                                                                                                                                                                                                                                                                         000006