01REMESSA01COBRANCA       00000000000004130991SISTEMA DE CARTóRIO CERTIDõES 237BRADESCO       250311        MX0000338                                                                                                                                                                                                                                                                                     000001
1                   000902692011248461-306                    0000000000000000306100000000002               01306       25031100000000586030000000012N240311000000000000010000000000000000000000000000000000000000000000000208854020000131M.V. FRANZOSO – SOLUCOES EMPRESARIAIS – Rua Rio Branco,483                                  09710090Protesto após 5 dias                                        000002
1                   000902692011248461-307                    0000000000000000307P00000000002               01307       04041100000000206000000000012N250311000000000000010000000000000000000000000000000000000000000000000208351432000159LIBRO COMPANHIA SECURITIZADORA DE CREDITAvenida Paulista,1499 – 19º. Andar ,1499            01311200                                                            000003
1                   000902692011248461-308                    0000000000000000308800000000002               01308       04041100000000210000000000012N250311000000000000010000000000000000000000000000000000000000000000000200360305159723104 Caixa Econômica Federal             Rua Teodoro Sampaio, ,429                           05405000                                                            000004
1                   000902692011248461-309                    0000000000000000309600000000002               01309       04041100000000210000000000012N250311000000000000010000000000000000000000000000000000000000000000000200360305413530104 Caixa Econômica Federal             Avenida Guarapiranga, 752,752                       04762001                                                            000005
1                   000902692011248461-310                    0000000000000000310P00000000002               01310       04041100000000050000000000012N250311000000000000010000000000000000000000000000000000000000000000000208603317000124ACE RASTREDORES LTDA ME                 Rua Vera Paranaguá de Souza Dantas,91               05565220                                                            000006
1                   000902692011248461-155                    0000000000000000155700000000002               02155       13031100000000788000000000012N030311000000000000010000000000000000000000000000000000000000000000000200360305181656104 Caixa Econômica Federal             Avenida Santo Amaro ,7237                           04701200                                                            000007
1                   000902692011248461-129                    0000000000000000129800000000002               02129       23031100000000586030000000012N010311000000000000010000000000000000000000000000000000000000000000000108854020000131M.V. FRANZOSO – SOLUCOES EMPRESARIAIS – Rua Rio Branco,483                                  09710090Protesto após 5 dias                                        000008
9                                                                                                                                                                                                                                                                                                                                                                                                         000009