01REMESSA01COBRANCA       00000000000004130991SISTEMA DE CARTÛRIO CERTIDıES 237BRADESCO       251011        MX0000460                                                                                                                                                                                                                                                                                     000001
1                   000902692011248461-1989                   0000000000000001989800000000002               011989      03111100000000250000000000012N241011120000000000000830000000000000000000000000000000000000000000000100000684995824FLAVIO NAVARRO                          Rua S„o Serapi„o,1075                               03664000                                                            000002
1                   000902692011248461-1790                   0000000000000001790900000000002               021790      10101100000000090000000000012N300911120000000000010000000000000000000000000000000000000000000000000100033754357972ANTONIO ROSENO DA SILVA                 Rua Paranagu·,115                                   07161350                                                            000003
1                   000902692011248461-1888                   0000000000000001888300000000002               021888      17101100000000132000000000012N051011120000000000010000000000000000000000000000000000000000000000000100057771081991DONIZETE APARECIDA RAMALHO              Rua Paranagu·,115                                   07161350                                                            000004
1                   000902692011248461-1968                   0000000000000001968500000000002               061968      28101100000020000000000000012N201011000000000000000000000000000000000000000000000000000000000000000100022008371867RAFAEL MARQUES DE SOUZA PORTARE         RUA GINO TREVISAN, 546                              16204251                                                            000005
9                                                                                                                                                                                                                                                                                                                                                                                                         000006