01REMESSA01COBRANCA       00000000000004130991SISTEMA DE CARTóRIO CERTIDõES 237BRADESCO       260711        MX0000410                                                                                                                                                                                                                                                                                     000001
1                   000902692011248461-1209                   0000000000000001209500000000002               011209      04081100000000179000000000012N250711120000000000000600000000000000000000000000000000000000000000000100033380710865OSEAS SOUSA SANTOS                      Rua Onofra da Silva Crispim,05                      06867385                                                            000002
1                   000902692011248461-1210                   0000000000000001210900000000002               011210      04081100000002277320000000012N250711120000000000007590000000000000000000000000000000000000000000000200360305219564104 Caixa Econômica Federal             Rua Benedito Pereira Leite,6                        06600055                                                            000003
1                   000902692011248461-1211                   0000000000000001211700000000002               011211      04081100000000280000000000012N250711120000000000000930000000000000000000000000000000000000000000000262232889000190Banco Daycoval S/A                      Avenida Paulista ,1793-02º Andar                    01311200                                                            000004
1                   000902692011248461-1212                   0000000000000001212500000000002               011212      04081100000000150000000000012N250711120000000000000500000000000000000000000000000000000000000000000100017683448842LUIS MARTINS NETTO                      Rua Barão de Ladário,670-Sl. 404                    03010000                                                            000005
1                   000902692011248461-1213                   0000000000000001213300000000002               011213      05081100000000406000000000012N260711120000000000001350000000000000000000000000000000000000000000000200360305196920104 Caixa Econômica Federal             Alameda Araguaia, ,370/380                          06454400                                                            000006
1                   000902692011248461-1214                   0000000000000001214100000000002               011214      05081100000000406000000000012N260711120000000000001350000000000000000000000000000000000000000000000200360305196920104 Caixa Econômica Federal             Alameda Araguaia,,370/380                           06454400                                                            000007
1                   000902692011248461-1215                   0000000000000001215P00000000002               011215      05081100000000029000000000012N260711120000000000000100000000000000000000000000000000000000000000000210377191000169ACM  Legalizações Empresariais Ltda. - MAvenida Capitão Mário Toledo de Camargo,            09170150                                                            000008
1                   000902692011248461-1216                   0000000000000001216800000000002               011216      05081100000000180000000000012N260711120000000000000600000000000000000000000000000000000000000000000208472787000104LC 15 COMERCIO E CONFECÇÕES LTDA - ME   Rua da Juta,369                                     03010010                                                            000009
1                   000902692011248461-1157                   0000000000000001157900000000002               021157      22071100000015000000000000012N180711000000000000000000000000000000000000000000000000000000000000000100024931953883WILLIAN TESTA DE PAULA                  RUA MIGUEL PASQUARELLI, 298                         11340360                                                            000010
1                   000902692011248461-972                    0000000000000000972800000000002               02972       11071100000000078200000000012N290611120000000000010000000000000000000000000000000000000000000000000208351432000159LIBRO COMPANHIA SECURITIZADORA DE CREDITAvenida Paulista,,1499-19º andar                    01311200                                                            000011
1                   000902692011248461-1189                   0000000000000001189700000000002               061189      05081100000000058000000000012N250711120000000000010000000000000000000000000000000000000000000000000210377191000169ACM  Legalizações Empresariais Ltda. - MAvenida Capitão Mário Toledo de Camargo,            09170150                                                            000012
1                   000902692011248461-1189                   0000000000000001189700000000002               311189      05081100000000058000000000012N250711120000000000010000000000000000000000000000000000000000000000000210377191000169ACM  Legalizações Empresariais Ltda. - MAvenida Capitão Mário Toledo de Camargo,            09170150                                                            000013
1                   000902692011248461-1195                   0000000000000001195100000000002               061195      05081100000000129000000000012N250711120000000000010000000000000000000000000000000000000000000000000210377191000169ACM  Legalizações Empresariais Ltda. - MAvenida Capitão Mário Toledo de Camargo,            09170150                                                            000014
1                   000902692011248461-1195                   0000000000000001195100000000002               311195      05081100000000129000000000012N250711120000000000010000000000000000000000000000000000000000000000000210377191000169ACM  Legalizações Empresariais Ltda. - MAvenida Capitão Mário Toledo de Camargo,            09170150                                                            000015
9                                                                                                                                                                                                                                                                                                                                                                                                         000016