01REMESSA01COBRANCA       00000000000004130991SISTEMA DE CARTóRIO CERTIDõES 237BRADESCO       260312        MX0000515                                                                                                                                                                                                                                                                                     000001
1                   000902692011248461-3238                   0000000000000003238P00000000002               013238      30031200000010000000000000012N220312000000000000000000000000000000000000000000000000000000000000000100032937431100MARIA CRISTINA RODRIGUES PARRA SILVA    Rua 5 Nº 302                                        38280000                                                            000002
1                   000902692011248461-3239                   0000000000000003239800000000002               013239      30041200000015000000000000012N220312000000000000000000000000000000000000000000000000000000000000000100032937431100MARIA CRISTINA RODRIGUES PARRA SILVA    Rua 5 Nº 302                                        38280000                                                            000003
1                   000902692011248461-3240                   0000000000000003240100000000002               013240      28031200000050000000000000012N230312000000000000000000000000000000000000000000000000000000000000000100035310280812FRANCISCO ANGELO FAIÇAL CARBONE         Av. Aratãs,1.216                                    04081005                                                            000004
1                   000902692011248461-3241                   0000000000000003241P00000000002               013241      12041200000000200000000000012N230312120000000000000670000000000000000000000000000000000000000000000209263012000183Fundo de Investimento em Direitos CreditAvenida Paulista ,1499-19º. Andar                   01311200                                                            000005
1                   000902692011248461-3242                   0000000000000003242800000000002               013242      02041200000000138000000000012N230312120000000000000460000000000000000000000000000000000000000000000203513451000110NERONE DO BRASIL CIA. Securitizadora de Avenida Paulista,726-Sala 1410 - 14º and            01310100                                                            000006
1                   000902692011248461-3243                   0000000000000003243600000000002               013243      02041200000000040250000000012N230312120000000000000130000000000000000000000000000000000000000000000210377191000169ACM ASSESSORIA CONTABIL LTDA            Avenida Capitão Mário Toledo de Camargo,            09170150                                                            000007
1                   000902692011248461-3244                   0000000000000003244400000000002               013244      02041200000000195000000000012N230312120000000000000650000000000000000000000000000000000000000000000200360305414189104 Caixa Econômica Federal             Praça Charles Miller,16                             01234100                                                            000008
1                   000902692011248461-3245                   0000000000000003245200000000002               013245      02041200000000220800000000012N230312120000000000000740000000000000000000000000000000000000000000000200360305159804104 Caixa Econômica Federal             Avenida de Pinedo ,228                              04764000                                                            000009
9                                                                                                                                                                                                                                                                                                                                                                                                         000010