01REMESSA01COBRANCA       00000000000004130991SISTEMA DE CARTóRIO CERTIDõES 237BRADESCO       260511        MX0000372                                                                                                                                                                                                                                                                                     000001
1                   000902692011248461-770                    0000000000000000770900000000002               01770       06061100000000333200000000012N250511000000000000001110000000000000000000000000000000000000000000000200360305181656104 Caixa Econômica Federal             Avenida Santo Amaro ,7237                           04701200                                                            000002
1                   000902692011248461-771                    0000000000000000771700000000002               01771       06061100000000125600000000012N250511000000000000000420000000000000000000000000000000000000000000000200360305024550104 Caixa Econômica Federal             Avenida Doutor Gastão Vidigal ,1437                 05314000                                                            000003
1                   000902692011248461-772                    0000000000000000772500000000002               01772       06061100000000090000000000012N250511000000000000000300000000000000000000000000000000000000000000000209527407000146NOVA OLYMPIA PROMOÇÃO DE EVENTOS LTDA   Rua Tagipuru,795                                    01156000                                                            000004
1                   000902692011248461-773                    0000000000000000773300000000002               01773       06061100000000100000000000012N250511000000000000000330000000000000000000000000000000000000000000000253283180000122Tesheiner Cavassani e Giacomazi AdvogadoRua João Adolfo,118-Conj. 405                       01050020                                                            000005
1                   000902692011248461-774                    0000000000000000774100000000002               01774       06061100000000100000000000012N250511000000000000000330000000000000000000000000000000000000000000000200360305024550104 Caixa Econômica Federal             Avenida Doutor Gastão Vidigal,,1437                 05314000                                                            000006
9                                                                                                                                                                                                                                                                                                                                                                                                         000007