01REMESSA01COBRANCA       00000000000004130991SISTEMA DE CARTóRIO CERTIDõES 237BRADESCO       260411        MX0000353                                                                                                                                                                                                                                                                                     000001
1                   000902692011248461-537                    0000000000000000537400000000002               01537       05051100000000130000000000012N250411000000000000000430000000000000000000000000000000000000000000000262232889000190Banco Daycoval S/A                      Avenida Paulista ,1793-02º Andar                    01311200                                                            000002
1                   000902692011248461-538                    0000000000000000538200000000002               01538       05051100000000127000000000012N250411000000000000000420000000000000000000000000000000000000000000000203723171000137E Cunha Consultoria Empresarial Ltda.   Rua Nova York ,959-conj. 52                         04560002                                                            000003
1                   000902692011248461-539                    0000000000000000539000000000002               01539       05051100000000598650000000012N250411000000000000002000000000000000000000000000000000000000000000000259285411000113Banco Panamericano S/A                  Av Paulista 2.240 - São Paulo -SP                   01310300                                                            000004
1                   000902692011248461-540                    0000000000000000540400000000002               01540       05051100000000150000000000012N250411000000000000000500000000000000000000000000000000000000000000000208472787000104LC 15 COMERCIO E CONFECÇÕES LTDA - ME   Rua da Juta,369                                     03010010                                                            000005
1                   000902692011248461-541                    0000000000000000541200000000002               01541       05051100000000340000000000012N250411000000000000001130000000000000000000000000000000000000000000000209263012000183Fundo de Investimento em Direitos CreditAvenida Paulista,1499-19º andar                     01311200                                                            000006
1                   000902692011248461-542                    0000000000000000542000000000002               01542       05051100000000111000000000012N250411000000000000000370000000000000000000000000000000000000000000000100004877462104AZURINA VAGLEI                          Rua General Câmara,433-APTO 01                      09121130                                                            000007
1                   000902692011248461-519                    0000000000000000519600000000002               06519       02051100000012000000000000012N190411060500000000000000000000000000000000000000000000000000000000000100006758821846HELEN MARGARETE DENTELLO                RUA SEBASTIÃO, 244 - APTO 82                        13660000                                                            000008
1                   000902692011248461-131                    0000000000000000131P00000000002               02131       08031100000003384190000000012N010311000000000000010000000000000000000000000000000000000000000000000110906064000100MAIA SERVIÇOS ADMINISTRATIVOS LTDA      Rua Bernardino de Campos,3180-Loja 04 Ga            15015300Protesto após 5 dias                                        000009
9                                                                                                                                                                                                                                                                                                                                                                                                         000010