01REMESSA01COBRANCA       00000000000004130991SISTEMA DE CARTóRIO CERTIDõES 237BRADESCO       271211        MX0000486                                                                                                                                                                                                                                                                                     000001
1                   000902692011248461-2498                   0000000000000002498000000000002               012498      05011200000000483000000000012N261211120000000000001610000000000000000000000000000000000000000000000202214016000203PINKERTON DO BRASIL LTDA.               Avenida Presidente Wilson ,210-14º ANDAR            20030020                                                            000002
1                   000902692011248461-2499                   0000000000000002499900000000002               012499      05011200000000076000000000012N261211120000000000000250000000000000000000000000000000000000000000000203723171000137E Cunha Consultoria Empresarial Ltda.   Rua Nova York,959                                   04560002                                                            000003
1                   000902692011248461-2500                   0000000000000002500600000000002               012500      05011200000000110400000000012N261211120000000000000370000000000000000000000000000000000000000000000200360305257300104 Caixa Econômica Federal             Av Paulista,,1842-Torre Norte // 20º and            01310923                                                            000004
9                                                                                                                                                                                                                                                                                                                                                                                                         000005