01REMESSA01COBRANCA       00000000000004130991SISTEMA DE CARTÛRIO CERTIDıES 237BRADESCO       270611        MX0000391                                                                                                                                                                                                                                                                                     000001
1                   000902692011248461-952                    0000000000000000952300000000002               01952       06071100000030000000000000012N240611000000000000000000000000000000000000000000000000000000000000000100008309506643RENATA GLORIA DE ALMEIDA                RUA GENERAL OSORIO, 1441 APTO 35                    13010111                                                            000002
1                   000902692011248461-953                    0000000000000000953100000000002               01953       07071100000000656400000000012N270611120000000000002190000000000000000000000000000000000000000000000217184037010506389 Banco Mercantil do Brasil S.A.      Avenida Paulista ,923                               01311100                                                            000003
1                   000902692011248461-954                    0000000000000000954P00000000002               01954       07071100000000657590000000012N270611120000000000002190000000000000000000000000000000000000000000000209263012000183Fundo de Investimento em Direitos CreditAvenida Paulista,1499-19∫ andar                     01311200                                                            000004
9                                                                                                                                                                                                                                                                                                                                                                                                         000005