01REMESSA01COBRANCA       00000000000004130991SISTEMA DE CARTóRIO CERTIDõES 237BRADESCO       270511        MX0000373                                                                                                                                                                                                                                                                                     000001
1                   000902692011248461-775                    0000000000000000775P00000000002               01775       27061100000032500000000000012N260511120000000000000000000000000000000000000000000000000000000000000100063284910859Silvio Jose Cerqueira                   Rua Waldemar Jose Soave, 31                         18017226                                                            000002
1                   000902692011248461-776                    0000000000000000776800000000002               01776       06061100000000179000000000012N260511000000000000000600000000000000000000000000000000000000000000000100023452516890RICARDO PAULO DOS SANTOS                Rua Carijós ,2579-CASA 02                           09180000                                                            000003
1                   000902692011248461-777                    0000000000000000777600000000002               01777       06061100000000078200000000012N260511000000000000000260000000000000000000000000000000000000000000000200360305024550104 Caixa Econômica Federal             Avenida Doutor Gastão Vidigal,,1437                 05314000                                                            000004
1                   000902692011248461-778                    0000000000000000778400000000002               01778       08061100000000100000000000012N270511000000000000000330000000000000000000000000000000000000000000000200360305289937104 Caixa Econômica Federal             Avenida Brigadeiro Luís Antônio,580                 01318000                                                            000005
1                   000902692011248461-779                    0000000000000000779200000000002               01779       08061100000000163000000000012N270511000000000000000540000000000000000000000000000000000000000000000100006510389444JOSÉ FRANCISCO FERREIRA                 Estrada Aldeinha,1670                               06343040                                                            000006
1                   000902692011248461-780                    0000000000000000780600000000002               01780       08061100000000100000000000012N270511000000000000000330000000000000000000000000000000000000000000000200360305024550104 Caixa Econômica Federal             Avenida Doutor Gastão Vidigal,,1437                 05314000                                                            000007
1                   000902692011248461-741                    0000000000000000741500000000002               02741       24051100000005000000000000012N190511000000000000000000000000000000000000000000000000000000000000000100003433865698Sidney Souto Brabosa                    Rua Niceu Lopes Silva, 184                          39401070                                                            000008
1                   000902692011248461-742                    0000000000000000742300000000002               02742       25051100000005000000000000012N190511000000000000000000000000000000000000000000000000000000000000000100003433865698Sidney Souto Brabosa                    Rua Niceu Lopes Silva, 184                          39401070                                                            000009
9                                                                                                                                                                                                                                                                                                                                                                                                         000010