01REMESSA01COBRANCA       00000000000004130991SISTEMA DE CARTóRIO CERTIDõES 237BRADESCO       270911        MX0000445                                                                                                                                                                                                                                                                                     000001
1                   000902692011248461-1740                   0000000000000001740200000000002               011740      17101100000000106930000000012N230911120000000000000360000000000000000000000000000000000000000000000292894922000108BANCO MATONE (Núcleo Consignado RJ - MatAvenida Rio Branco,80-8º  e 9º andar                20040070                                                            000002
1                   000902692011248461-1741                   0000000000000001741000000000002               011741      03101100000000110000000000012N230911120000000000000370000000000000000000000000000000000000000000000100017683448842LUIS MARTINS NETTO                      Rua Barão de Ladário,670-SL. 404                    03010000                                                            000003
1                   000902692011248461-1742                   0000000000000001742900000000002               011742      13101100000000560000000000012N260911120000000000001870000000000000000000000000000000000000000000000209263012000183Fundo de Investimento em Direitos CreditAvenida Paulista ,1499-19º. Andar                   01311200                                                            000004
1                   000902692011248461-1743                   0000000000000001743700000000002               011743      06101100000000256510000000012N260911120000000000000860000000000000000000000000000000000000000000000253283180000122Tesheiner Cavassani e Giacomazi AdvogadoRua João Adolfo,118-Conj. 405                       01050020                                                            000005
1                   000902692011248461-1744                   0000000000000001744500000000002               011744      06101100000000393240000000012N260911120000000000001310000000000000000000000000000000000000000000000253283180000122Tesheiner Cavassani e Giacomazi AdvogadoRua João Adolfo,118-Conj. 405                       01050020                                                            000006
1                   000902692011248461-1745                   0000000000000001745300000000002               011745      06101100000000236390000000012N260911120000000000000790000000000000000000000000000000000000000000000253283180000122Tesheiner Cavassani e Giacomazi AdvogadoRua João Adolfo,118-Conj. 405                       01050020                                                            000007
1                   000902692011248461-1746                   0000000000000001746100000000002               011746      06101100000000100000000000012N260911120000000000000330000000000000000000000000000000000000000000000253283180000122Tesheiner Cavassani e Giacomazi AdvogadoRua João Adolfo,118-Conj. 405                       01050020                                                            000008
1                   000902692011248461-1747                   0000000000000001747P00000000002               011747      06101100000000100000000000012N260911120000000000000330000000000000000000000000000000000000000000000253283180000122Tesheiner Cavassani e Giacomazi AdvogadoRua João Adolfo,118-Conj. 405                       01050020                                                            000009
1                   000902692011248461-1748                   0000000000000001748800000000002               011748      06101100000000270180000000012N260911120000000000000900000000000000000000000000000000000000000000000253283180000122Tesheiner Cavassani e Giacomazi AdvogadoRua João Adolfo,118-Conj. 405                       01050020                                                            000010
1                   000902692011248461-1749                   0000000000000001749600000000002               011749      06101100000000335950000000012N260911120000000000001120000000000000000000000000000000000000000000000253283180000122Tesheiner Cavassani e Giacomazi AdvogadoRua João Adolfo,118-Conj. 405                       01050020                                                            000011
1                   000902692011248461-1750                   0000000000000001750P00000000002               011750      06101100000000610510000000012N260911120000000000002040000000000000000000000000000000000000000000000253283180000122Tesheiner Cavassani e Giacomazi AdvogadoRua João Adolfo,118-Conj. 405                       01050020                                                            000012
1                   000902692011248461-1751                   0000000000000001751800000000002               011751      06101100000000615350000000012N260911120000000000002050000000000000000000000000000000000000000000000253283180000122Tesheiner Cavassani e Giacomazi AdvogadoRua João Adolfo,118-Conj. 405                       01050020                                                            000013
1                   000902692011248461-1752                   0000000000000001752600000000002               011752      06101100000000409810000000012N260911120000000000001370000000000000000000000000000000000000000000000253283180000122Tesheiner Cavassani e Giacomazi AdvogadoRua João Adolfo,118-Conj. 405                       01050020                                                            000014
1                   000902692011248461-1753                   0000000000000001753400000000002               011753      06101100000000100000000000012N260911120000000000000330000000000000000000000000000000000000000000000253283180000122Tesheiner Cavassani e Giacomazi AdvogadoRua João Adolfo,118-Conj. 405                       01050020                                                            000015
1                   000902692011248461-1754                   0000000000000001754200000000002               011754      06101100000000624030000000012N260911120000000000002080000000000000000000000000000000000000000000000253283180000122Tesheiner Cavassani e Giacomazi AdvogadoRua João Adolfo,118-Conj. 405                       01050020                                                            000016
1                   000902692011248461-1755                   0000000000000001755000000000002               011755      10101100000008883060000000012N260911120000000000029610000000000000000000000000000000000000000000000200360305413530104 Caixa Econômica Federal             Avenida Guarapiranga,752                            04762001                                                            000017
1                   000902692011248461-1756                   0000000000000001756900000000002               011756      17101100000000520000000000012N260911120000000000001730000000000000000000000000000000000000000000000209263012000183Fundo de Investimento em Direitos CreditAvenida Paulista ,1499-19º. Andar                   01311200                                                            000018
1                   000902692011248461-1757                   0000000000000001757700000000002               011757      06101100000000170000000000012N260911120000000000000570000000000000000000000000000000000000000000000209624793000194BIANCHINI SOCIEDADE DE ADVOGADOS        Avenida Pedroso de Morais,2315                      05419001                                                            000019
1                   000902692011248461-1758                   0000000000000001758500000000002               011758      06101100000000103500000000012N260911120000000000000350000000000000000000000000000000000000000000000210377191000169ACM  Legalizações Empresariais Ltda. - MAvenida Capitão Mário Toledo de Camargo,            09170150                                                            000020
1                   000902692011248461-1759                   0000000000000001759300000000002               011759      07101100000000790160000000012N270911120000000000002630000000000000000000000000000000000000000000000200360305073845104 Caixa Econômica Federal             Rua Campos Sales, ,198                              06401000                                                            000021
1                   000902692011248461-1760                   0000000000000001760700000000002               011760      07101100000000300460000000012N270911120000000000001000000000000000000000000000000000000000000000000253283180000122Tesheiner Cavassani e Giacomazi AdvogadoRua João Adolfo,118-Conj. 405                       01050020                                                            000022
1                   000902692011248461-1761                   0000000000000001761500000000002               011761      07101100000000170000000000012N270911120000000000000570000000000000000000000000000000000000000000000209624793000194BIANCHINI SOCIEDADE DE ADVOGADOS        Avenida Pedroso de Morais,2315                      05419001                                                            000023
1                   000902692011248461-1762                   0000000000000001762300000000002               011762      07101100000000223300000000012N270911120000000000000740000000000000000000000000000000000000000000000253283180000122Tesheiner Cavassani e Giacomazi AdvogadoRua João Adolfo,118-Conj. 405                       01050020                                                            000024
1                   000902692011248461-1763                   0000000000000001763100000000002               011763      07101100000000332410000000012N270911120000000000001110000000000000000000000000000000000000000000000253283180000122Tesheiner Cavassani e Giacomazi AdvogadoRua João Adolfo,118-Conj. 405                       01050020                                                            000025
1                   000902692011248461-1764                   0000000000000001764P00000000002               011764      07101100000000138710000000012N270911120000000000000460000000000000000000000000000000000000000000000209016632000118TORI BY LAVITA CONFECCOES DE ROUPAS LTDARua Casimiro de Abreu ,357                          03013001                                                            000026
1                   000902692011248461-1765                   0000000000000001765800000000002               011765      07101100000000170000000000012N270911120000000000000570000000000000000000000000000000000000000000000209624793000194BIANCHINI SOCIEDADE DE ADVOGADOS        Avenida Pedroso de Morais,2315                      05419001                                                            000027
1                   000902692011248461-1766                   0000000000000001766600000000002               011766      07101100000000050000000000012N270911120000000000000170000000000000000000000000000000000000000000000201190978000126ITALIA COMERCIAL TEXTIL LTDA ME         Rua Almirante Barroso ,308                          03025000                                                            000028
1                   000902692011248461-1767                   0000000000000001767400000000002               011767      07101100000000150000000000012N270911120000000000000500000000000000000000000000000000000000000000000253283180000122Tesheiner Cavassani e Giacomazi AdvogadoRua João Adolfo,118-Conj. 405                       01050020                                                            000029
1                   000902692011248461-1768                   0000000000000001768200000000002               011768      07101100000000120000000000012N270911120000000000000400000000000000000000000000000000000000000000000253283180000122Tesheiner Cavassani e Giacomazi AdvogadoRua João Adolfo,118-Conj. 405                       01050020                                                            000030
1                   000902692011248461-1593                   0000000000000001593000000000002               021593      08091100000000129500000000012N050911000000000000010000000000000000000000000000000000000000000000000113372039000181De Paula & França Serviço Privado de IntAv. Nossa Senhora da Penha,235-Loja 03              29055050Protesto após 5 dias                                        000031
1                   000902692011248461-1734                   0000000000000001734800000000002               311734      10101100000000186000000000012N230911120000000000010000000000000000000000000000000000000000000000000209263012000183Fundo de Investimento em Direitos CreditAvenida Paulista ,1499-19º. Andar                   01311200                                                            000032
9                                                                                                                                                                                                                                                                                                                                                                                                         000033