01REMESSA01COBRANCA       00000000000004130991SISTEMA DE CARTÛRIO CERTIDıES 237BRADESCO       270412        MX0000524                                                                                                                                                                                                                                                                                     000001
1                   000902692011248461-3520                   0000000000000003520600000000002               013520      10051200000000200000000000012N260412120000000000000670000000000000000000000000000000000000000000000209263012000183Fundo de Investimento em Direitos CreditAvenida Paulista ,1499-19∫. Andar                   01311200                                                            000002
1                   000902692011248461-3521                   0000000000000003521400000000002               013521      10051200000000400000000000012N260412120000000000001330000000000000000000000000000000000000000000000209263012000183Fundo de Investimento em Direitos CreditAvenida Paulista ,1499-19∫. Andar                   01311200                                                            000003
1                   000902692011248461-3522                   0000000000000003522200000000002               013522      07051200000000040250000000012N270412120000000000000130000000000000000000000000000000000000000000000210377191000169ACM ASSESSORIA CONTABIL LTDA            Avenida Capit„o M·rio Toledo de Camargo,            09170150                                                            000004
1                   000902692011248461-911                    0000000000000000911600000000002               02911       28021200000005000000000000012N130611120000000000000000000000000000000000000000000000000000000000000100082181730563PAULO CESAR ARAUJO SANTOS               RUA ANA MARIA BITTENCOURT, 420                      40391286                                                            000005
1                   000902692011248461-911                    0000000000000000911600000000002               02911       28021200000005000000000000012N130611120000000000000000000000000000000000000000000000000000000000000100082181730563PAULO CESAR ARAUJO SANTOS               RUA ANA MARIA BITTENCOURT, 420                      40391286                                                            000006
1                   000902692011248461-910                    0000000000000000910800000000002               02910       30031200000005000000000000012N130611120000000000000000000000000000000000000000000000000000000000000100082181730563PAULO CESAR ARAUJO SANTOS               RUA ANA MARIA BITTENCOURT, 420                      40391286                                                            000007
1                   000902692011248461-3503                   0000000000000003503600000000002               023503      04051200000000280000000000012N240412120000000000010000000000000000000000000000000000000000000000000262232889000190Banco Daycoval S/A                      Avenida Paulista ,1793-02∫ Andar                    01311200                                                            000008
1                   000902692011248461-3504                   0000000000000003504400000000002               023504      04051200000000200000000000012N240412120000000000010000000000000000000000000000000000000000000000000262232889000190Banco Daycoval S/A                      Avenida Paulista ,1793-02∫ Andar                    01311200                                                            000009
9                                                                                                                                                                                                                                                                                                                                                                                                         000010