01REMESSA01COBRANCA       00000000000004130991SISTEMA DE CARTóRIO CERTIDõES 237BRADESCO       271011        MX0000461                                                                                                                                                                                                                                                                                     000001
1                   000902692011248461-1990                   0000000000000001990100000000002               011990      26101100000016000000000000012N251011000000000000000000000000000000000000000000000000000000000000000100010056865805MIRIAN CRISTINA BATISTA ZANATA          RUA MARIA AGOSTINELLI, 105 - BL 02 - APT            22775046                                                            000002
1                   000902692011248461-1991                   0000000000000001991P00000000002               011991      26111100000010000000000000012N251011000000000000000000000000000000000000000000000000000000000000000100010056865805MIRIAN CRISTINA BATISTA ZANATA          RUA MARIA AGOSTINELLI, 105 - BL 02 - APT            22775046                                                            000003
1                   000902692011248461-1992                   0000000000000001992800000000002               011992      26121100000010000000000000012N251011000000000000000000000000000000000000000000000000000000000000000100010056865805MIRIAN CRISTINA BATISTA ZANATA          RUA MARIA AGOSTINELLI, 105 - BL 02 - APT            22775046                                                            000004
1                   000902692011248461-1993                   0000000000000001993600000000002               011993      04111100000000623230000000012N251011120000000000002080000000000000000000000000000000000000000000000253283180000122Tesheiner Cavassani e Giacomazi AdvogadoRua João Adolfo,118-Conj. 405                       01050020                                                            000005
1                   000902692011248461-1994                   0000000000000001994400000000002               011994      04111100000000076000000000012N2510111200000000000002500000000000000000000000000000000000000000000002000000006801251 Banco do Brasil S.A.                  Rua do Orfanato,133                                 03131010                                                            000006
1                   000902692011248461-1995                   0000000000000001995200000000002               011995      04111100000000180000000000012N251011120000000000000600000000000000000000000000000000000000000000000100017683448842LUIS MARTINS NETTO                      Rua Barão de Ladário,670-SL. 404                    03010000                                                            000007
1                   000902692011248461-1996                   0000000000000001996000000000002               011996      04111100000000046000000000012N251011120000000000000150000000000000000000000000000000000000000000000207523097000166BERNARDI&SCHNAPP ADVOGADOS              Bela Cintra,1149-12º andar                          14150001                                                            000008
1                   000902692011248461-1997                   0000000000000001997900000000002               011997      04111100000000200000000000012N251011120000000000000670000000000000000000000000000000000000000000000210732210000128Almeida Tavares Sanches e Silva         Alameda Santos ,2335-6º andar                       01419002                                                            000009
1                   000902692011248461-1998                   0000000000000001998700000000002               011998      09111100000000077000000000012N251011120000000000000260000000000000000000000000000000000000000000000270940994000101PANDURATA ALIMENTOS LTDA.               Rua Fritz Reimann,628-3º andar                      07044020                                                            000010
1                   000902692011248461-1999                   0000000000000001999500000000002               011999      04111100000001011600000000012N251011120000000000003370000000000000000000000000000000000000000000000203723171000137E Cunha Consultoria Empresarial Ltda.   Rua Nova York ,959                                  04560002                                                            000011
1                   000902692011248461-2000                   0000000000000002000400000000002               012000      10111100000010000000000000012N261011000000000000000000000000000000000000000000000000000000000000000100002934548686GUILHERME CARVALHO DO ESPIRITO SANTO    RUA VICENTE VESPA, 721                              15993034                                                            000012
1                   000902692011248461-2001                   0000000000000002001200000000002               012001      07111100000000480000000000012N261011120000000000001600000000000000000000000000000000000000000000000200360305159723104 Caixa Econômica Federal             Rua Teodoro Sampaio,,429                            05405000                                                            000013
1                   000902692011248461-2002                   0000000000000002002000000000002               012002      10011200000010000000000000012N261011000000000000000000000000000000000000000000000000000000000000000100002934548686GUILHERME CARVALHO DO ESPIRITO SANTO    RUA VICENTE VESPA, 721                              15993034                                                            000014
1                   000902692011248461-2003                   0000000000000002003900000000002               012003      07111100000000240000000000012N261011120000000000000800000000000000000000000000000000000000000000000200360305288701104 Caixa Econômica Federal             Rua Estados Unidos,1725                             01427002                                                            000015
1                   000902692011248461-2004                   0000000000000002004700000000002               012004      07111100000000400000000000012N261011120000000000001330000000000000000000000000000000000000000000000200360305267887104 Caixa Econômica Federal             Rua São Joaquim,,69-5º andar                        01508000                                                            000016
1                   000902692011248461-2005                   0000000000000002005500000000002               012005      07111100000000240000000000012N261011120000000000000800000000000000000000000000000000000000000000000200360305159723104 Caixa Econômica Federal             Rua Teodoro Sampaio,,429                            05405000                                                            000017
1                   000902692011248461-2006                   0000000000000002006300000000002               012006      16111100000004715360000000012N261011120000000000015720000000000000000000000000000000000000000000000292894922000108BANCO MATONE (Núcleo Consignado RJ - MatAvenida Rio Branco,115-18º andar                    20040004                                                            000018
1                   000902692011248461-2007                   0000000000000002007100000000002               012007      07111100000000228000000000012N261011120000000000000760000000000000000000000000000000000000000000000207523097000166BERNARDI&SCHNAPP ADVOGADOS              Bela Cintra, 1149 ,1149-12º andar                   14150001                                                            000019
1                   000902692011248461-2008                   0000000000000002008P00000000002               012008      11111100000000246000000000012N261011120000000000000820000000000000000000000000000000000000000000000209263012000183Fundo de Investimento em Direitos CreditAvenida Paulista ,1499-19º. Andar                   01311200                                                            000020
1                   000902692011248461-2009                   0000000000000002009800000000002               012009      07111100000000437000000000012N261011120000000000001460000000000000000000000000000000000000000000000200360305073845104 Caixa Econômica Federal             Rua Campos Sales , 198,198                          06401000                                                            000021
1                   000902692011248461-2010                   0000000000000002010100000000002               012010      07111100000000640000000000012N261011120000000000002130000000000000000000000000000000000000000000000207523097000166BERNARDI&SCHNAPP ADVOGADOS              Bela Cintra, ,1149-12º andar                        14150001                                                            000022
1                   000902692011248461-2011                   0000000000000002011P00000000002               012011      07111100000000152000000000012N261011120000000000000510000000000000000000000000000000000000000000000203723171000137E Cunha Consultoria Empresarial Ltda.   Rua Nova York,959                                   04560002                                                            000023
1                   000902692011248461-2012                   0000000000000002012800000000002               012012      07111100000000174000000000012N261011120000000000000580000000000000000000000000000000000000000000000100037733661838MARIMARCIA PEREIRA DA SILVA             Rua João Roschel Christe,1001                       04890210                                                            000024
1                   000902692011248461-2013                   0000000000000002013600000000002               012013      07111100000000290000000000012N261011120000000000000970000000000000000000000000000000000000000000000200360305157356104 Caixa Econômica Federal             Avenida Industrial, ,600-1º andar, sala             09080500                                                            000025
1                   000902692011248461-2014                   0000000000000002014400000000002               012014      07111100000000247250000000012N271011120000000000000820000000000000000000000000000000000000000000000210377191000169ACM  Legalizações Empresariais Ltda. - MAvenida Capitão Mário Toledo de Camargo,            09170150                                                            000026
1                   000902692011248461-2015                   0000000000000002015200000000002               012015      07111100000000368770000000012N271011120000000000001230000000000000000000000000000000000000000000000253283180000122Tesheiner Cavassani e Giacomazi AdvogadoRua João Adolfo,118-Conj. 405                       01050020                                                            000027
1                   000902692011248461-2016                   0000000000000002016000000000002               012016      07111100000000100000000000012N271011120000000000000330000000000000000000000000000000000000000000000253283180000122Tesheiner Cavassani e Giacomazi AdvogadoRua João Adolfo,118-Conj. 405                       01050020                                                            000028
1                   000902692011248461-2017                   0000000000000002017900000000002               012017      07111100000000100000000000012N271011120000000000000330000000000000000000000000000000000000000000000253283180000122Tesheiner Cavassani e Giacomazi AdvogadoRua João Adolfo,118-Conj. 405                       01050020                                                            000029
1                   000902692011248461-2018                   0000000000000002018700000000002               012018      07111100000000237600000000012N271011120000000000000790000000000000000000000000000000000000000000000253283180000122Tesheiner Cavassani e Giacomazi AdvogadoRua João Adolfo,118-Conj. 405                       01050020                                                            000030
1                   000902692011248461-2019                   0000000000000002019500000000002               012019      07111100000000325530000000012N271011120000000000001090000000000000000000000000000000000000000000000253283180000122Tesheiner Cavassani e Giacomazi AdvogadoRua João Adolfo,118-Conj. 405                       01050020                                                            000031
1                   000902692011248461-2020                   0000000000000002020900000000002               012020      07111100000000100000000000012N271011120000000000000330000000000000000000000000000000000000000000000253283180000122Tesheiner Cavassani e Giacomazi AdvogadoRua João Adolfo,118-Conj. 405                       01050020                                                            000032
1                   000902692011248461-2021                   0000000000000002021700000000002               012021      07111100000000377720000000012N271011120000000000001260000000000000000000000000000000000000000000000253283180000122Tesheiner Cavassani e Giacomazi AdvogadoRua João Adolfo,118-Conj. 405                       01050020                                                            000033
1                   000902692011248461-2022                   0000000000000002022500000000002               012022      07111100000000132000000000012N271011120000000000000440000000000000000000000000000000000000000000000100057771081991DONIZETE APARECIDA RAMALHO              RUA JOSE CAMPANELLA. 95                             07112971                                                            000034
1                   000902692011248461-2023                   0000000000000002023300000000002               012023      07111100000000090000000000012N271011120000000000000300000000000000000000000000000000000000000000000100033754357972ANTONIO ROSENO DA SILVA                 RUA JOSE CAMPANELLA. 95                             07112971                                                            000035
1                   000902692011248461-2024                   0000000000000002024100000000002               012024      07111100000000459000000000012N271011120000000000001530000000000000000000000000000000000000000000000200360305122803104 Caixa Econômica Federal             Avenida Presidente Vargas,,479                      06694000                                                            000036
1                   000902692011248461-2025                   0000000000000002025P00000000002               012025      14111100000000246000000000012N271011120000000000000820000000000000000000000000000000000000000000000208848247000174RECOVERY DO BRASIL FUNDO DE INVESTIMENTOAvenida Paulista,1499-19º. Andar                    01311200                                                            000037
1                   000902692011248461-2026                   0000000000000002026800000000002               012026      14111100000035000000000000012N271011000000000000000000000000000000000000000000000000000000000000000100000593492612JOSEANI MAYER FONSECA                   RUA MARIA AMELIA, 300                               36026230                                                            000038
1                   000902692011248461-2027                   0000000000000002027600000000002               012027      20021200000035000000000000012N271011000000000000000000000000000000000000000000000000000000000000000100000593492612JOSEANI MAYER FONSECA                   RUA MARIA AMELIA, 300                               36026230                                                            000039
1                   000902692011248461-1967                   0000000000000001967700000000002               021967      12121100000020000000000000012N201011000000000000000000000000000000000000000000000000000000000000000100002434151922RODRIGO SAAD VARGAS                     RUA ESTHER KEMMELMEIER, 162                         84050030                                                            000040
1                   000902692011248461-1169                   0000000000000001169200000000002               021169      25111100000010500000000000012N190711000000000000000000000000000000000000000000000000000000000000000100077788087734MARCIO CAMPOS PEREIRA                   RUA 21, 992                                         27261610                                                            000041
1                   000902692011248461-1940                   0000000000000001940500000000002               021940      14111100000030000000000000012N131011000000000000000000000000000000000000000000000000000000000000000100091478820268RILNO DA SILVA SOUSA                    RUA DOS TAPEREBAS, 713 - RESIDENCIAL SIQ            68980000                                                            000042
1                   000902692011248461-906                    0000000000000000906P00000000002               02906       30111100000005000000000000012N130611120000000000000000000000000000000000000000000000000000000000000100082181730563PAULO CESAR ARAUJO SANTOS               RUA ANA MARIA BITTENCOURT, 420                      40391286                                                            000043
1                   000902692011248461-1461                   0000000000000001461600000000002               021461      05091100000001500000000000012N240811120000000000010000000000000000000000000000000000000000000000000209263012000183Fundo de Investimento em Direitos CreditAvenida Paulista,1499-19º. Andar                    01311200                                                            000044
1                   000902692011248461-1495                   0000000000000001495000000000002               021495      08091100000000820000000000012N290811120000000000010000000000000000000000000000000000000000000000000209263012000183Fundo de Investimento em Direitos CreditAvenida Paulista ,1499-19º. Andar                   01311200                                                            000045
1                   000902692011248461-1895                   0000000000000001895600000000002               021895      17101100000000400000000000012N061011120000000000010000000000000000000000000000000000000000000000000209263012000183Fundo de Investimento em Direitos CreditAvenida Paulista ,1499-19º. Andar                   01311200                                                            000046
1                   000902692011248461-1682                   0000000000000001682100000000002               021682      03101100000000140000000000012N150911120000000000010000000000000000000000000000000000000000000000000209263012000183Fundo de Investimento em Direitos CreditAvenida Paulista ,1499-19º. Andar                   01311200                                                            000047
1                   000902692011248461-1639                   0000000000000001639200000000002               021639      19091100000000120000000000012N080911120000000000010000000000000000000000000000000000000000000000000209263012000183Fundo de Investimento em Direitos CreditAvenida Paulista ,1499-19º. Andar                   01311200                                                            000048
1                   000902692011248461-1974                   0000000000000001974P00000000002               061974      04111100000000345750000000012N211011120000000000010000000000000000000000000000000000000000000000000253283180000122Tesheiner Cavassani e Giacomazi AdvogadoRua João Adolfo,118-Conj. 405                       01050020                                                            000049
1                   000902692011248461-1973                   0000000000000001973100000000002               061973      04111100000000410500000000012N211011120000000000010000000000000000000000000000000000000000000000000253283180000122Tesheiner Cavassani e Giacomazi AdvogadoRua João Adolfo,118-Conj. 405                       01050020                                                            000050
1                   000902692011248461-1971                   0000000000000001971500000000002               061971      04111100000000100000000000012N211011120000000000010000000000000000000000000000000000000000000000000253283180000122Tesheiner Cavassani e Giacomazi AdvogadoRua João Adolfo,118-Conj. 405                       01050020                                                            000051
1                   000902692011248461-1972                   0000000000000001972300000000002               061972      04111100000000358590000000012N211011120000000000010000000000000000000000000000000000000000000000000253283180000122Tesheiner Cavassani e Giacomazi AdvogadoRua João Adolfo,118-Conj. 405                       01050020                                                            000052
1                   000902692011248461-1975                   0000000000000001975800000000002               061975      04111100000000336770000000012N211011120000000000010000000000000000000000000000000000000000000000000253283180000122Tesheiner Cavassani e Giacomazi AdvogadoRua João Adolfo,118-Conj. 405           ..          01050020                                                            000053
9                                                                                                                                                                                                                                                                                                                                                                                                         000054