01REMESSA01COBRANCA       00000000000004130991SISTEMA DE CARTóRIO CERTIDõES 237BRADESCO       280911        MX0000446                                                                                                                                                                                                                                                                                     000001
1                   000902692011248461-1769                   0000000000000001769000000000002               011769      13101100000000069000000000012N270911120000000000000230000000000000000000000000000000000000000000000260777091000106ROBIN COMERCIO E REPRESENTAÇÕES LTDA.   Rua Getúlio Soares da Rocha,53-Conj. 3              04704050                                                            000002
1                   000902692011248461-1770                   0000000000000001770400000000002               011770      07101100000000077000000000012N270911120000000000000260000000000000000000000000000000000000000000000270940994000101PANDURATA ALIMENTOS LTDA.               Rua Fritz Reimann,628-3º andar                      07044020                                                            000003
1                   000902692011248461-1771                   0000000000000001771200000000002               011771      07101100000000077000000000012N270911120000000000000260000000000000000000000000000000000000000000000270940994000101PANDURATA ALIMENTOS LTDA.               Rua Fritz Reimann,628-3º andar                      07044020                                                            000004
1                   000902692011248461-1772                   0000000000000001772000000000002               011772      07101100000000420000000000012N270911120000000000001400000000000000000000000000000000000000000000000233479023000180CITIBANK RISK MANAGEMENT                Avenida Paulista, nº 1.111, 2º andar,1.1            01311920                                                            000005
1                   000902692011248461-1773                   0000000000000001773900000000002               011773      07101100000000100000000000012N270911120000000000000330000000000000000000000000000000000000000000000253283180000122Tesheiner Cavassani e Giacomazi AdvogadoRua João Adolfo,118-Conj. 405                       01050020                                                            000006
1                   000902692011248461-1774                   0000000000000001774700000000002               011774      07101100000000164450000000012N270911120000000000000550000000000000000000000000000000000000000000000201701201034679399 HSBC Bank Brasil S.A. - Banco MultipAvenida Rio das Pedras,341                          03453000                                                            000007
1                   000902692011248461-1775                   0000000000000001775500000000002               011775      07101100000000100000000000012N270911120000000000000330000000000000000000000000000000000000000000000253283180000122Tesheiner Cavassani e Giacomazi AdvogadoRua João Adolfo,118-Conj. 405                       01050020                                                            000008
1                   000902692011248461-1776                   0000000000000001776300000000002               011776      07101100000001138270000000012N270911120000000000003790000000000000000000000000000000000000000000000201701201070128399 HSBC Bank Brasil S.A. - Banco MultipRua Voluntários da Pátria,1760                      02010500                                                            000009
1                   000902692011248461-1777                   0000000000000001777100000000002               011777      07101100000001140900000000012N270911120000000000003800000000000000000000000000000000000000000000000201701201070128399 HSBC Bank Brasil S.A. - Banco MultipRua Voluntários da Pátria,1760                      02010500                                                            000010
1                   000902692011248461-1778                   0000000000000001778P00000000002               011778      10101100000001723750000000012N280911120000000000005750000000000000000000000000000000000000000000000207523097000166BERNARDI&SCHNAPP ADVOGADOS              Bela Cintra, ,1149-12º andar                        14150001                                                            000011
1                   000902692011248461-1779                   0000000000000001779800000000002               011779      10101100000000110000000000012N280911120000000000000370000000000000000000000000000000000000000000000258160789000128422 Banco Safra S.A.                    Avenida Brigadeiro Luís Antônio,383-conj            01317000                                                            000012
1                   000902692011248461-1780                   0000000000000001780100000000002               011780      10101100000000246000000000012N280911120000000000000820000000000000000000000000000000000000000000000200360305267887104 Caixa Econômica Federal             Rua São Joaquim ,69-5º andar                        01508001                                                            000013
1                   000902692011248461-1781                   0000000000000001781P00000000002               011781      10101100000000200000000000012N280911120000000000000670000000000000000000000000000000000000000000000200360305288884104 Caixa Econômica Federal             Avenida Nova Cantareira,2581                        02341000                                                            000014
1                   000902692011248461-1782                   0000000000000001782800000000002               011782      10101100000000240000000000012N280911120000000000000800000000000000000000000000000000000000000000000200360305122137104 Caixa Econômica Federal             Av. Professor Francisco Morato,,1415                05513100                                                            000015
1                   000902692011248461-1783                   0000000000000001783600000000002               011783      10101100000000285450000000012N280911120000000000000950000000000000000000000000000000000000000000000100017683448842LUIS MARTINS NETTO                      Rua Barão de Ladário,670-SL. 404                    03010000                                                            000016
1                   000902692011248461-1784                   0000000000000001784400000000002               011784      10101100000001379000000000012N280911120000000000004600000000000000000000000000000000000000000000000262232889000190Banco Daycoval S/A                      Avenida Paulista ,1793-02º Andar                    01311200                                                            000017
1                   000902692011248461-1636                   0000000000000001636800000000002               021636      26091100000000140000000000012N060911120000000000010000000000000000000000000000000000000000000000000209263012000183Fundo de Investimento em Direitos CreditAvenida Paulista ,1499-19º. Andar                   01311200                                                            000018
9                                                                                                                                                                                                                                                                                                                                                                                                         000019