01REMESSA01COBRANCA       00000000000004130991SISTEMA DE CARTóRIO CERTIDõES 237BRADESCO       280711        MX0000411                                                                                                                                                                                                                                                                                     000001
1                   000902692011248461-1217                   0000000000000001217600000000002               011217      05081100000000090000000000012N260711120000000000000300000000000000000000000000000000000000000000000208344024000170GAE CONFECÇÕES DE ROUPAS LTDA EPP       Rua Mendes Júnior,539                               03013010                                                            000002
1                   000902692011248461-1218                   0000000000000001218400000000002               011218      05081100000000600000000000012N260711120000000000002000000000000000000000000000000000000000000000000233479023000180BANCO CITIBANK S.A                      Avenida Paulista, nº 1.111, 2º andar,1.1            01311920                                                            000003
1                   000902692011248461-1219                   0000000000000001219200000000002               011219      05081100000000830830000000012N260711120000000000002770000000000000000000000000000000000000000000000253283180000122Tesheiner Cavassani e Giacomazi AdvogadoRua João Adolfo,118-Conj. 405                       01050020                                                            000004
1                   000902692011248461-1220                   0000000000000001220600000000002               011220      12081100000000399000000000012N260711120000000000001330000000000000000000000000000000000000000000000209263012000183Fundo de Investimento em Direitos CreditAvenida Paulista ,1499-19º. Andar                   01311200                                                            000005
1                   000902692011248461-1221                   0000000000000001221400000000002               011221      05081100000000345000000000012N260711120000000000001150000000000000000000000000000000000000000000000209263012000183Fundo de Investimento em Direitos CreditAvenida Paulista,1499-19º. Andar                    01311200                                                            000006
1                   000902692011248461-1222                   0000000000000001222200000000002               011222      08081100000000240000000000012N270711120000000000000800000000000000000000000000000000000000000000000200360305289937104 Caixa Econômica Federal             Avenida Brigadeiro Luís Antônio,,580                01318000                                                            000007
1                   000902692011248461-1223                   0000000000000001223000000000002               011223      08071100000000200000000000012N270711120000000000000670000000000000000000000000000000000000000000000209263012000183Fundo de Investimento em Direitos CreditAvenida Paulista,,1499-19º andar                    01311200                                                            000008
1                   000902692011248461-1224                   0000000000000001224900000000002               011224      08081100000000222150000000012N270711120000000000000740000000000000000000000000000000000000000000000200360305116676104 Caixa Econômica Federal             Avenida Carlos de Campos,,160                       03028000                                                            000009
1                   000902692011248461-1225                   0000000000000001225700000000002               011225      08081100000000076000000000012N270711120000000000000250000000000000000000000000000000000000000000000200360305267887104 Caixa Econômica Federal             Rua São Joaquim ,69-5º andar                        01508001                                                            000010
1                   000902692011248461-1226                   0000000000000001226500000000002               011226      08081100000000248860000000012N2807111200000000000008300000000000000000000000000000000000000000000002000000005070911 Banco do Brasil S.A.                  Rua Doutor César,530-11º andar                      02013002                                                            000011
1                   000902692011248461-1227                   0000000000000001227300000000002               011227      08081100000000340000000000012N280711120000000000001130000000000000000000000000000000000000000000000209263012000183Fundo de Investimento em Direitos CreditAvenida Paulista ,1499-19º. Andar                   01311200                                                            000012
1                   000902692011248461-1228                   0000000000000001228100000000002               011228      08081100000000211960000000012N280711120000000000000710000000000000000000000000000000000000000000000100017683448842LUIS MARTINS NETTO                      Rua Barão de Ladário,670-Sl. 404                    03010000                                                            000013
1                   000902692011248461-1125                   0000000000000001125000000000002               061125      29071100000000100000000000012N130711120000000000010000000000000000000000000000000000000000000000000209313766000109CARUANA S/A SOCIEDADE DE CREDITO FINANC AV DAS NAÇÕES UNIDAS,Nº 11541 11º ANDAR             04578000                                                            000014
1                   000902692011248461-1132                   0000000000000001132300000000002               061132      29071100000000100000000000012N130711120000000000010000000000000000000000000000000000000000000000000209313766000109CARUANA S/A SOCIEDADE DE CREDITO FINANC Rua João Adolfo,118-Conj. 405                       01050020                                                            000015
9                                                                                                                                                                                                                                                                                                                                                                                                         000016