01REMESSA01COBRANCA       00000000000004130991SISTEMA DE CARTóRIO CERTIDõES 237BRADESCO       280312        MX0000516                                                                                                                                                                                                                                                                                     000001
1                   000902692011248461-3246                   0000000000000003246000000000002               013246      02041200000017500000000000012N260312000000000000000000000000000000000000000000000000000000000000000100020898240930EDSON APARECIDO DE MARINS               AVENIDA SÃO PAULO,5200                              87501420                                                            000002
1                   000902692011248461-3247                   0000000000000003247900000000002               013247      02051200000017500000000000012N260312000000000000000000000000000000000000000000000000000000000000000100020898240930EDSON APARECIDO DE MARINS               AVENIDA SÃO PAULO,5200                              87501420                                                            000003
1                   000902692011248461-3248                   0000000000000003248700000000002               013248      05041200000000086000000000012N2603121200000000000002900000000000000000000000000000000000000000000002000000000018301 Banco do Brasil S.A.                  Rua São Bento ,483                                  01011100                                                            000004
1                   000902692011248461-3249                   0000000000000003249500000000002               013249      05041200000000363680000000012N260312120000000000001210000000000000000000000000000000000000000000000253283180000122Tesheiner Cavassani e Giacomazi AdvogadoRua João Adolfo,118-Conj. 405                       01050020                                                            000005
1                   000902692011248461-3250                   0000000000000003250900000000002               013250      05041200000000354830000000012N260312120000000000001180000000000000000000000000000000000000000000000253283180000122Tesheiner Cavassani e Giacomazi AdvogadoRua João Adolfo,118-Conj. 405                       01050020                                                            000006
1                   000902692011248461-3251                   0000000000000003251700000000002               013251      05041200000000339040000000012N260312120000000000001130000000000000000000000000000000000000000000000253283180000122Tesheiner Cavassani e Giacomazi AdvogadoRua João Adolfo,118-Conj. 405                       01050020                                                            000007
1                   000902692011248461-3252                   0000000000000003252500000000002               013252      30031200000030000000000000012N260312000000000000000000000000000000000000000000000000000000000000000100007833240737PATRICIA PEDRO SILVA                    Rua Duque Caxias,27 Apto 201                        28613060                                                            000008
1                   000902692011248461-3254                   0000000000000003254100000000002               013254      15041200000000200000000000012N260312120000000000000670000000000000000000000000000000000000000000000209263012000183Fundo de Investimento em Direitos CreditAvenida Paulista ,1499-19º. Andar                   01311200                                                            000009
1                   000902692011248461-3255                   0000000000000003255P00000000002               013255      05041200000000110000000000012N260312120000000000000370000000000000000000000000000000000000000000000262232889000190Banco Daycoval S/A                      Avenida Paulista ,1793-02º Andar                    01311200                                                            000010
1                   000902692011248461-3256                   0000000000000003256800000000002               013256      05041200000000140000000000012N260312120000000000000470000000000000000000000000000000000000000000000262232889000190Banco Daycoval S/A                      Avenida Paulista ,1793-02º Andar                    01311200                                                            000011
1                   000902692011248461-3257                   0000000000000003257600000000002               013257      05041200000000090000000000012N260312120000000000000300000000000000000000000000000000000000000000000201190978000126ITALIA COMERCIAL TEXTIL LTDA ME         Rua Almirante Barroso,308                           03025000                                                            000012
1                   000902692011248461-3258                   0000000000000003258400000000002               013258      05041200000000210000000000012N260312120000000000000700000000000000000000000000000000000000000000000201190978000126ITALIA COMERCIAL TEXTIL LTDA ME         Rua Almirante Barroso,308                           03025000                                                            000013
1                   000902692011248461-3259                   0000000000000003259200000000002               013259      05041200000001185040000000012N260312120000000000003950000000000000000000000000000000000000000000000200360305024208104 Caixa Econômica Federal             Largo da Concórdia,211                              03012010                                                            000014
1                   000902692011248461-3260                   0000000000000003260600000000002               013260      28031200000015000000000000012N270312000000000000000000000000000000000000000000000000000000000000000100033756149854HEITOR PIGHINI BARBADO                  Rua Boaventura do Amaral,1.360 Apto66               13015192                                                            000015
1                   000902692011248461-3261                   0000000000000003261400000000002               013261      10051200000015000000000000012N270312000000000000000000000000000000000000000000000000000000000000000100033756149854HEITOR PIGHINI BARBADO                  Rua Boaventura do Amaral,1.360 Apto66               13015192                                                            000016
1                   000902692011248461-3262                   0000000000000003262200000000002               013262      30031200000040000000000000012N270312000000000000000000000000000000000000000000000000000000000000000100001012144992LUCIANA RIBEIRO DA SILVA                Rua Belo Horizonte, 23                              85870130                                                            000017
1                   000902692011248461-3263                   0000000000000003263000000000002               013263      03041200000040000000000000012N270312000000000000000000000000000000000000000000000000000000000000000100099404982172BRUNO CRUZ RAMOS                        End. Q I 9 – bloco T – apt° 108                     71020208                                                            000018
1                   000902692011248461-3264                   0000000000000003264900000000002               013264      10051200000040000000000000012N270312000000000000000000000000000000000000000000000000000000000000000100099404982172BRUNO CRUZ RAMOS                        End. Q I 9 – bloco T – apt° 108                     71020208                                                            000019
1                   000902692011248461-3265                   0000000000000003265700000000002               013265      04041200000065000000000000012N270312000000000000000000000000000000000000000000000000000000000000000100036027868899HELIO BRAJÃO MESCOLOTTI                 Av Com Luciano Guidotti, 1350 Apto 302              13425000                                                            000020
1                   000902692011248461-3266                   0000000000000003266500000000002               013266      28031200000030000000000000012N270312000000000000000000000000000000000000000000000000000000000000000100009818281756THIAGO GONÇALVES MACHARETH              Estrada Governador Chagas Freitas, 16               21920330Bloco 2, apto 115                                           000021
1                   000902692011248461-3267                   0000000000000003267300000000002               013267      28041200000030000000000000012N270312000000000000000000000000000000000000000000000000000000000000000100012379823758SABRINA DE OLIVEIRA ALVES               Rua Dinamarca, 60 – Apto. 102                       23092665                                                            000022
1                   000902692011248461-3268                   0000000000000003268100000000002               013268      30031200000052500000000000012N270312000000000000000000000000000000000000000000000000000000000000000100092463991887ZILDNETE DA ROCHA SILVA                 Rua Horton Hoover, 215                              17017410                                                            000023
1                   000902692011248461-3269                   0000000000000003269P00000000002               013269      28031200000000045000000000012N270312060500000000000000000000000000000000000000000000000000000000000100042554088829ERIKA FELIPE ALBERTO                    R CARLOS DE ANDRADE, 09                             09784095                                                            000024
1                   000902692011248461-2977                   0000000000000002977P00000000002               062977      17041200000008900000000000012N230212000000000000000000000000000000000000000000000000000000000000000100076584538872MARISE DO NASCIMENTO                    RUA AGENOR DE MATTOS, 489                           13280000                                                            000025
1                   000902692011248461-3212                   0000000000000003212600000000002               023212      26031200000060000000000000012N190312000000000000000000000000000000000000000000000000000000000000000100012379823758SABRINA DE OLIVEIRA ALVES               Rua Dinamarca, 60 – Apto. 102                       23092665                                                            000026
1                   000902692011248461-3221                   0000000000000003221500000000002               063221      04041200000000154000000000012N190312120000000000010000000000000000000000000000000000000000000000000270940994000101PANDURATA ALIMENTOS LTDA.               Rua Fritz Reimann,628-3º andar                      07044020                                                            000027
9                                                                                                                                                                                                                                                                                                                                                                                                         000028