01REMESSA01COBRANCA       00000000000004130991SISTEMA DE CARTóRIO CERTIDõES 237BRADESCO       280211        MX0000324                                                                                                                                                                                                                                                                                     000001
1                   000902692011248461-85                     0000000000000000085200000000002               0185        10031100000000520000000000012N280211000000000000010000000000000000000000000000000000000000000000000251757300000150Flytour Travel Solution                 Avenida Juruá,461                                   06455010                                                            000002
1                   000902692011248461-86                     0000000000000000086000000000002               0186        15031100000000119000000000012N280211000000000000010000000000000000000000000000000000000000000000000201701201021348399 HSBC Bank Brasil S.A. - Banco MultipPraça da República,511                              01045001                                                            000003
1                   000902692011248461-84                     0000000000000000084400000000002               0184        10031100000000070000000000012N280211000000000000010000000000000000000000000000000000000000000000000210377191000169ACM  Legalizações Empresariais Ltda. - MAvenida Capitão Mário Toledo de Camargo,            09170150                                                            000004
1                   000902692011248461-83                     0000000000000000083600000000002               0183        10031100000000048000000000012N280211000000000000010000000000000000000000000000000000000000000000000200360305119268Caixa Economico Federal                 Rua XV de Novembro, 190 - Centro - Ferra            08500405                                                            000005
1                   000902692011248461-82                     0000000000000000082800000000002               0182        07031100000000156400000000012N250211000000000000010000000000000000000000000000000000000000000000000200360305267887104 Caixa Econômica Federal             Rua São Joaquim ,69-5º andar                        01508001                                                            000006
1                   000902692011248461-81                     0000000000000000081P00000000002               0181        07031100000000029000000000012N250211000000000000010000000000000000000000000000000000000000000000000210377191000169ACM  Legalizações Empresariais Ltda. - MAvenida Capitão Mário Toledo de Camargo,            09170150                                                            000007
1                   000902692011248461-80                     0000000000000000080100000000002               0180        07031100000000200000000000012N250211000000000000010000000000000000000000000000000000000000000000000205341148000103FUSÃO SOLUÇÕES PARA MEDICINA LTDA       Rua Funchal,538-CJ 115                              04551060                                                            000008
1                   000902692011248461-79                     0000000000000000079800000000002               0179        07031100000000058000000000012N250211000000000000010000000000000000000000000000000000000000000000000206120493000180CONFORMITY ASSESSORIA EM GESTAO EMPRESARRua Manoel Valdomiro de Macedo,2170                 81170150                                                            000009
1                   000902692011248461-78                     0000000000000000078P00000000002               0178        07031100000000210000000000012N250211000000000000010000000000000000000000000000000000000000000000000200360305100400104 Caixa Econômica Federal             Rua São Bento, 397  - 1º Andar,397                  01011100                                                            000010
1                   000902692011248461-77                     0000000000000000077100000000002               0177        07031100000000100000000000012N250211000000000000010000000000000000000000000000000000000000000000000200360305159804104 Caixa Econômica Federal             Avenida de Pinedo ,228                              04764000                                                            000011
1                   000902692011248461-76                     0000000000000000076300000000002               0176        07031100000000030000000000012N250211000000000000010000000000000000000000000000000000000000000000000233066408000115353 Banco Santander Brasil S.A.         Rua Zilda ,578                                      02545000                                                            000012
1                   000902692011248461-75                     0000000000000000075500000000002               0175        07031100000000150000000000012N250211000000000000010000000000000000000000000000000000000000000000000260746948150270237 Banco Bradesco S.A.                 Avenida Santos Dumont,230                           07220000                                                            000013
1                   000902692011248461-74                     0000000000000000074700000000002               0174        07031100000000090000000000012N250211000000000000010000000000000000000000000000000000000000000000000200425653000112GIARDINO NOIVAS LTDA ME                 Rua Dutra Rodrigues,74                              01105010                                                            000014
1                   000902692011248461-73                     0000000000000000073900000000002               0173        07031100000000142000000000012N250211000000000000010000000000000000000000000000000000000000000000000100026010022800FABIO VIANA PEREIRA                     Rua Sudeste,04                                      07500000                                                            000015
1                   000902692011248461-72                     0000000000000000072000000000002               0172        07031100000000136000000000012N250211000000000000010000000000000000000000000000000000000000000000000200360305292644104 Caixa Econômica Federal             Rua Olimpíadas,205                                  04551000                                                            000016
9                                                                                                                                                                                                                                                                                                                                                                                                         000017