01REMESSA01COBRANCA       00000000000004130991SISTEMA DE CARTóRIO CERTIDõES 237BRADESCO       280411        MX0000354                                                                                                                                                                                                                                                                                     000001
1                   000902692011248461-543                    0000000000000000543900000000002               01543       06051100000001401070000000012N260411000000000000004670000000000000000000000000000000000000000000000200360305025441104 Caixa Econômica Federal             RUA: Joaquim Floriano, 446,446                      04534002                                                            000002
1                   000902692011248461-544                    0000000000000000544700000000002               01544       06051100000000078200000000012N2604110000000000000002600000000000000000000000000000000000000000000002000000000001911 Banco do Brasil S.A.                  Avenida Nazaré ,595                                 04263000                                                            000003
1                   000902692011248461-545                    0000000000000000545500000000002               01545       06051100000000119000000000012N260411000000000000000400000000000000000000000000000000000000000000000260701190070811341 Banco Itaú S.A.                     Avenida General Ataliba Leonel,3055                 02242001                                                            000004
1                   000902692011248461-546                    0000000000000000546300000000002               01546       06051100000000030000000000012N260411000000000000000100000000000000000000000000000000000000000000000201190978000126ITALIA COMERCIAL TEXTIL LTDA ME         Rua Almirante Barroso,308                           03025000                                                            000005
1                   000902692011248461-547                    0000000000000000547100000000002               01547       06051100000000432000000000012N260411000000000000001440000000000000000000000000000000000000000000000271719165000166Minhoto Advogados Associados            Rua Joaquim Távora ,832                             04015011                                                            000006
1                   000902692011248461-548                    0000000000000000548P00000000002               01548       06051100000000529400000000012N260411000000000000001760000000000000000000000000000000000000000000000203723171000137E Cunha Consultoria Empresarial Ltda.   Rua Nova York ,959-conj. 52                         04560002                                                            000007
1                   000902692011248461-549                    0000000000000000549800000000002               01549       06051100000000666400000000012N260411000000000000002220000000000000000000000000000000000000000000000200360305025441104 Caixa Econômica Federal             Rua Joaquim Floriano ,446                           04534002                                                            000008
1                   000902692011248461-550                    0000000000000000550100000000002               01550       07051100000000280000000000012N270411000000000000000930000000000000000000000000000000000000000000000262232889000190Banco Daycoval S/A                      Avenida Paulista ,1793-02º Andar                    01311200                                                            000009
1                   000902692011248461-551                    0000000000000000551P00000000002               01551       07051100000000029000000000012N270411000000000000000100000000000000000000000000000000000000000000000210377191000169ACM  Legalizações Empresariais Ltda. - MAvenida Capitão Mário Toledo de Camargo,            09170150                                                            000010
1                   000902692011248461-552                    0000000000000000552800000000002               01552       07051100000000100000000000012N270411000000000000000330000000000000000000000000000000000000000000000200360305025441104 Caixa Econômica Federal             Rua Joaquim Floriano ,446                           04534002                                                            000011
1                   000902692011248461-553                    0000000000000000553600000000002               01553       07051100000000130000000000012N270411000000000000000430000000000000000000000000000000000000000000000262232889000190Banco Daycoval S/A                      Avenida Paulista ,1793-02º Andar                    01311200                                                            000012
1                   000902692011248461-554                    0000000000000000554400000000002               01554       07051100000000060000000000012N270411000000000000000200000000000000000000000000000000000000000000000201190978000126ITALIA COMERCIAL TEXTIL LTDA ME         Rua Almirante Barroso,308                           03025000                                                            000013
1                   000902692011248461-555                    0000000000000000555200000000002               01555       07051100000001034300000000012N270411000000000000003450000000000000000000000000000000000000000000000205888414000112CREAÇÕES MX FASHION LIMITADA            Rua Aimorés - lado par,210                          01122010                                                            000014
1                   000902692011248461-556                    0000000000000000556000000000002               01556       07051100000000412000000000012N270411000000000000001370000000000000000000000000000000000000000000000208351432000159LIBRO COMPANHIA SECURITIZADORA DE CREDITAvenida Paulista,1499 – 19º. Andar ,1499            01311200                                                            000015
1                   000902692011248461-557                    0000000000000000557900000000002               01557       07051100000000412000000000012N270411000000000000001370000000000000000000000000000000000000000000000262232889000190Banco Daycoval S/A                      Avenida Paulista ,1793-02º Andar                    01311200                                                            000016
1                   000902692011248461-558                    0000000000000000558700000000002               01558       07051100000000156400000000012N270411000000000000000520000000000000000000000000000000000000000000000200360305267887104 Caixa Econômica Federal             Rua São Joaquim ,69-5º andar                        01508001                                                            000017
1                   000902692011248461-559                    0000000000000000559500000000002               01559       02051100000018000000000000012N270411060500000000000000000000000000000000000000000000000000000000000100080410634972Niceia Camargo do Vale Bastos           Rua Capitão Frederico Virmond, 443                  85065580                                                            000018
1                   000902692011248461-560                    0000000000000000560900000000002               01560       08051100000000110000000000012N280411000000000000000370000000000000000000000000000000000000000000000100004851624824GILBERTO JOSE DE OLIVEIRA               Avenida General Penha Brasil,293                    02673000                                                            000019
1                   000902692011248461-338                    0000000000000000338P00000000002               02338       10041100000000689500000000012N310311000000000000010000000000000000000000000000000000000000000000000200360305025441104 Caixa Econômica Federal             Rua Joaquim Floriano ,446                           04534002                                                            000020
1                   000902692011248461-509                    0000000000000000509900000000002               02509       10051100000000476000000000012N150411000000000000010000000000000000000000000000000000000000000000000200360305181656104 Caixa Econômica Federal             Avenida Santo Amaro ,7237                           04701200                                                            000021
1                   000902692011248461-509                    0000000000000000509900000000002               06509       10051100000000476000000000012N150411000000000000010000000000000000000000000000000000000000000000000200360305181656104 Caixa Econômica Federal             Avenida Santo Amaro ,7237                           04701200                                                            000022
1                   000902692011248461-509                    0000000000000000509900000000002               31509       10051100000000476000000000012N150411000000000000010000000000000000000000000000000000000000000000000200360305181656104 Caixa Econômica Federal             Avenida Santo Amaro ,7237                           04701200                                                            000023
1                   000902692011248461-477                    0000000000000000477700000000002               06477       10051100000000120000000000012N130411000000000000010000000000000000000000000000000000000000000000000203586507000167J. A. Rezende advogados associados      Rua: Libero Badaró, ,471-17° ANDAR                  01009903                                                            000024
9                                                                                                                                                                                                                                                                                                                                                                                                         000025