01REMESSA01COBRANCA       00000000000004130991SISTEMA DE CARTóRIO CERTIDõES 237BRADESCO       281211        MX0000487                                                                                                                                                                                                                                                                                     000001
1                   000902692011248461-2501                   0000000000000002501400000000002               012501      06011200000000065000000000012N271211120000000000000220000000000000000000000000000000000000000000000100034394754844Beatriz Pontes                          Avenida das Nações Unidas,12901-21° anda            04578910                                                            000002
1                   000902692011248461-2502                   0000000000000002502200000000002               012502      06011200000000200000000000012N271211120000000000000670000000000000000000000000000000000000000000000100034394754844Beatriz Pontes                          Avenida das Nações Unidas,12901-21° anda            04578910                                                            000003
1                   000902692011248461-2503                   0000000000000002503000000000002               012503      11011200000001040000000000012N271211120000000000003470000000000000000000000000000000000000000000000233479023000180BANCO CITIBANK S.A                      Avenida Paulista, nº 1.111, 2º andar,1.1            01311920                                                            000004
1                   000902692011248461-2504                   0000000000000002504900000000002               012504      06011200000000432000000000012N271211120000000000001440000000000000000000000000000000000000000000000208014311000111MARAGNO ADVOGADOS                       Rua Dona Antonia de Queirós ,549-Conjs.             01307014                                                            000005
1                   000902692011248461-2505                   0000000000000002505700000000002               012505      12011200000000288000000000012N281211120000000000000960000000000000000000000000000000000000000000000205032035000126Recovery Brasil Consultoria S/A         Avenida Paulista ,1499-19º andar                    01311200                                                            000006
1                   000902692011248461-2506                   0000000000000002506500000000002               012506      12011200000000437260000000012N281211120000000000001460000000000000000000000000000000000000000000000209263012000183Fundo de Investimento em Direitos CreditAvenida Paulista ,1499-19º. Andar                   01311200                                                            000007
1                   000902692011248461-2507                   0000000000000002507300000000002               012507      12011200000000603960000000012N281211120000000000002010000000000000000000000000000000000000000000000209263012000183Fundo de Investimento em Direitos CreditAvenida Paulista ,1499-19º. Andar                   01311200                                                            000008
1                   000902692011248461-2508                   0000000000000002508100000000002               012508      09011200000000120000000000012N281211120000000000000400000000000000000000000000000000000000000000000201318126000171DR RAMOS ADVOGADOS ASSOCIADOS.          Rua Voluntários da Pátria,2540                      02402000                                                            000009
1                   000902692011248461-2509                   0000000000000002509P00000000002               012509      07011200000000060000000000012N281211120000000000000200000000000000000000000000000000000000000000000201318126000171DR RAMOS ADVOGADOS ASSOCIADOS.          Rua Voluntários da Pátria,2540                      02402000                                                            000010
1                   000902692011248461-2510                   0000000000000002510300000000002               012510      07011200000000268900000000012N281211120000000000000900000000000000000000000000000000000000000000000203586507000167J. A. Rezende advogados associados      Rua: Libero Badaró, ,471-17° ANDAR                  01009903                                                            000011
9                                                                                                                                                                                                                                                                                                                                                                                                         000012