01REMESSA01COBRANCA       00000000000004130991SISTEMA DE CARTóRIO CERTIDõES 237BRADESCO       280611        MX0000392                                                                                                                                                                                                                                                                                     000001
1                   000902692011248461-955                    0000000000000000955800000000002               01955       07071100000000945600000000012N270611120000000000003150000000000000000000000000000000000000000000000200360305407131104 Caixa Econômica Federal             Estrada de Itapecerica,3429                         05835000                                                            000002
1                   000902692011248461-956                    0000000000000000956600000000002               01956       07071100000000100000000000012N270611120000000000000330000000000000000000000000000000000000000000000200360305159804104 Caixa Econômica Federal             Avenida de Pinedo ,228                              04764000                                                            000003
1                   000902692011248461-957                    0000000000000000957400000000002               01957       07071100000000100000000000012N270611120000000000000330000000000000000000000000000000000000000000000200360305303271104 Caixa Econômica Federal             Avenida Brasil ,67                                  01431000                                                            000004
1                   000902692011248461-958                    0000000000000000958200000000002               01958       07071100000000150000000000012N270611120000000000000500000000000000000000000000000000000000000000000100017683448842LUIS MARTINS NETTO                      Rua Barão de Ladário,670-Sl. 404                    03010000                                                            000005
1                   000902692011248461-959                    0000000000000000959000000000002               01959       07071100000000142000000000012N270611120000000000000470000000000000000000000000000000000000000000000100059319119872ONOFRE DOS SANTOS                       Rua José Pereira Bueno,413                          05776430                                                            000006
1                   000902692011248461-960                    0000000000000000960400000000002               01960       07071100000000945600000000012N270611120000000000003150000000000000000000000000000000000000000000000233479023000180CITIBANK RISK MANAGEMENT                Avenida Paulista,,1.111-2º andar                    01311920                                                            000007
1                   000902692011248461-961                    0000000000000000961200000000002               01961       07071100000000333200000000012N270611120000000000001110000000000000000000000000000000000000000000000200360305181656104 Caixa Econômica Federal             Avenida Santo Amaro ,7237                           04701200                                                            000008
1                   000902692011248461-962                    0000000000000000962000000000002               01962       08071100000000060000000000012N280611120000000000000200000000000000000000000000000000000000000000000205888414000112CREAÇÕES MX FASHION LIMITADA            Rua Aimorés ,210                                    01122010                                                            000009
1                   000902692011248461-963                    0000000000000000963900000000002               01963       08071100000000058000000000012N280611120000000000000190000000000000000000000000000000000000000000000210377191000169ACM  Legalizações Empresariais Ltda. - MAvenida Capitão Mário Toledo de Camargo,            09170150                                                            000010
1                   000902692011248461-964                    0000000000000000964700000000002               01964       08071100000000059000000000012N280611120000000000000200000000000000000000000000000000000000000000000210377191000169ACM  Legalizações Empresariais Ltda. - MAvenida Capitão Mário Toledo de Camargo,            09170150                                                            000011
1                   000902692011248461-965                    0000000000000000965500000000002               01965       08071100000000660000000000012N280611120000000000002200000000000000000000000000000000000000000000000262232889000190Banco Daycoval S/A                      Avenida Paulista ,1793-02º Andar                    01311200                                                            000012
9                                                                                                                                                                                                                                                                                                                                                                                                         000013