01REMESSA01COBRANCA       00000000000004130991SISTEMA DE CARTÛRIO CERTIDıES 237BRADESCO       281011        MX0000462                                                                                                                                                                                                                                                                                     000001
1                   000902692011248461-2028                   0000000000000002028400000000002               012028      07111100000001838010000000012N281011120000000000006130000000000000000000000000000000000000000000000207523097000166BERNARDI&SCHNAPP ADVOGADOS              Bela Cintra, 1149 ,1149-12∫ andar                   14150001                                                            000002
1                   000902692011248461-2029                   0000000000000002029200000000002               012029      07111100000000771260000000012N281011120000000000002570000000000000000000000000000000000000000000000203723171000137E Cunha Consultoria Empresarial Ltda.   Rua Nova York ,959                                  04560002                                                            000003
1                   000902692011248461-2030                   0000000000000002030600000000002               012030      07111100000000100000000000012N281011120000000000000330000000000000000000000000000000000000000000000253283180000122Tesheiner Cavassani e Giacomazi AdvogadoRua Jo„o Adolfo,118-Conj. 405                       01050020                                                            000004
1                   000902692011248461-2031                   0000000000000002031400000000002               012031      07111100000000361710000000012N281011120000000000001210000000000000000000000000000000000000000000000253283180000122Tesheiner Cavassani e Giacomazi AdvogadoRua Jo„o Adolfo,118-Conj. 405                       01050020                                                            000005
1                   000902692011248461-1420                   0000000000000001420900000000002               311420      03111100000000001420000000012N220811120000000000010000000000000000000000000000000000000000000000000208351432000159LIBRO COMPANHIA SECURITIZADORA DE CREDITAvenida Paulista,1499 ñ 19∫. Andar ,1499            01311200                                                            000006
1                   000902692011248461-1420                   0000000000000001420900000000002               061420      03111100000001420090000000012N220811120000000000010000000000000000000000000000000000000000000000000208351432000159LIBRO COMPANHIA SECURITIZADORA DE CREDITAvenida Paulista,1499 ñ 19∫. Andar ,1499            01311200                                                            000007
1                   000902692011248461-1420                   0000000000000001420900000000002               311420      03111100000000001420000000012N220811120000000000010000000000000000000000000000000000000000000000000208351432000159LIBRO COMPANHIA SECURITIZADORA DE CREDITAvenida Paulista,1499 ñ 19∫. Andar ,1499            01311200                                                            000008
1                   000902692011248461-1420                   0000000000000001420900000000002               311420      03111100000001420090000000012N220811120000000000010000000000000000000000000000000000000000000000000208351432000159LIBRO COMPANHIA SECURITIZADORA DE CREDITAvenida Paulista,1499 ñ 19∫. Andar ,1499            01311200                                                            000009
9                                                                                                                                                                                                                                                                                                                                                                                                         000010