01REMESSA01COBRANCA       00000000000004130991SISTEMA DE CARTóRIO CERTIDõES 237BRADESCO       281111        MX0000474                                                                                                                                                                                                                                                                                     000001
1                   000902692011248461-2264                   0000000000000002264300000000002               012264      19121100000000355620000000012N281111120000000000001190000000000000000000000000000000000000000000000292894922000108BANCO MATONE (Núcleo Consignado RJ - MatAvenida Rio Branco,115-18º andar                    20040004                                                            000002
1                   000902692011248461-2265                   0000000000000002265100000000002               012265      08121100000000340000000000012N281111120000000000001130000000000000000000000000000000000000000000000209624793000194BIANCHINI SOCIEDADE DE ADVOGADOS        Avenida Pedroso de Morais,2315                      05419001                                                            000003
1                   000902692011248461-2266                   0000000000000002266P00000000002               012266      08121100000000170000000000012N281111120000000000000570000000000000000000000000000000000000000000000209624793000194BIANCHINI SOCIEDADE DE ADVOGADOS        Avenida Pedroso de Morais,2315                      05419001                                                            000004
1                   000902692011248461-2267                   0000000000000002267800000000002               012267      08121100000000600000000000012N281111120000000000002000000000000000000000000000000000000000000000000217184037010506389 Banco Mercantil do Brasil S.A.      Avenida Paulista ,923                               01311100                                                            000005
1                   000902692011248461-2268                   0000000000000002268600000000002               012268      08121100000000359000000000012N281111120000000000001200000000000000000000000000000000000000000000000201701201000189HSBC Bank Brasil S.A. - Banco Multiplo -Rua Doutor Seidel,,425                              05315000                                                            000006
1                   000902692011248461-2269                   0000000000000002269400000000002               012269      08121100000000395840000000012N281111120000000000001320000000000000000000000000000000000000000000000253283180000122Tesheiner Cavassani e Giacomazi AdvogadoRua João Adolfo,118-Conj. 405                       01050020                                                            000007
1                   000902692011248461-2270                   0000000000000002270800000000002               012270      08121100000000152000000000012N281111120000000000000510000000000000000000000000000000000000000000000200360305267887104 Caixa Econômica Federal             Rua São Joaquim,,69-5º andar                        01508000                                                            000008
1                   000902692011248461-2271                   0000000000000002271600000000002               012271      08121100000000478290000000012N281111120000000000001590000000000000000000000000000000000000000000000253283180000122Tesheiner Cavassani e Giacomazi AdvogadoRua João Adolfo,118-Conj. 405                       01050020                                                            000009
1                   000902692011248461-2272                   0000000000000002272400000000002               012272      08121100000000148400000000012N281111120000000000000490000000000000000000000000000000000000000000000262232889000190Banco Daycoval S/A                      Avenida Paulista ,1793-02º Andar                    01311200                                                            000010
1                   000902692011248461-2273                   0000000000000002273200000000002               012273      08121100000000180000000000012N281111120000000000000600000000000000000000000000000000000000000000000262232889000190Banco Daycoval S/A                      Avenida Paulista - de 1047 a 1865 - lado            01311200                                                            000011
1                   000902692011248461-2274                   0000000000000002274000000000002               012274      08121100000000672000000000012N281111120000000000002240000000000000000000000000000000000000000000000203513451000110NERONE DO BRASIL CIA. Securitizadora de Avenida Paulista,726-Sala 1410 - 14º and            01310100                                                            000012
1                   000902692011248461-2275                   0000000000000002275900000000002               012275      08121100000000192000000000012N281111120000000000000640000000000000000000000000000000000000000000000203513451000110NERONE DO BRASIL CIA. Securitizadora de Avenida Paulista,726-Sala 1410 - 14º and            01310100                                                            000013
1                   000902692011248461-1913                   0000000000000001913800000000002               021913      31101100000000326000000000012N111011120000000000010000000000000000000000000000000000000000000000000208848247000174RECOVERY DO BRASIL FUNDO DE INVESTIMENTOAvenida Paulista,1499-19º. Andar                    01311200                                                            000014
9                                                                                                                                                                                                                                                                                                                                                                                                         000015