01REMESSA01COBRANCA       00000000000004130991SISTEMA DE CARTóRIO CERTIDõES 237BRADESCO       290811        MX0000430                                                                                                                                                                                                                                                                                     000001
1                   000902692011248461-1482                   0000000000000001482900000000002               011482      05091100000000025000000000012N250811120000000000000080000000000000000000000000000000000000000000000209341920000148CPM Braxis BPO Ltda                     Rua Campos Sales ,308                               06401000                                                            000002
1                   000902692011248461-1483                   0000000000000001483700000000002               011483      05091100000000050000000000012N250811120000000000000170000000000000000000000000000000000000000000000209341920000148CPM Braxis BPO Ltda                     Rua Virgílio M. de Oliveira ,97                      0790102                                                            000003
1                   000902692011248461-1484                   0000000000000001484500000000002               011484      05091100000000265300000000012N260811120000000000000880000000000000000000000000000000000000000000000253283180000122Tesheiner Cavassani e Giacomazi AdvogadoRua João Adolfo,118-Conj. 405                       01050020                                                            000004
1                   000902692011248461-1485                   0000000000000001485300000000002               011485      05091100000000120000000000012N260811120000000000000400000000000000000000000000000000000000000000000209263012000183Fundo de Investimento em Direitos CreditAvenida Paulista ,1499-19º. Andar                   01311200                                                            000005
1                   000902692011248461-1486                   0000000000000001486100000000002               011486      05091100000000280000000000012N260811120000000000000930000000000000000000000000000000000000000000000207523097000166BERNARDI&SCHNAPP ADVOGADOS              Bela Cintra, ,1149-12º andar                        14150001                                                            000006
1                   000902692011248461-1487                   0000000000000001487P00000000002               011487      05091100000000058000000000012N260811120000000000000190000000000000000000000000000000000000000000000210377191000169ACM  Legalizações Empresariais Ltda. - MAvenida Capitão Mário Toledo de Camargo,            09170150                                                            000007
1                   000902692011248461-1488                   0000000000000001488800000000002               011488      05091100000000280000000000012N260811120000000000000930000000000000000000000000000000000000000000000209263012000183Fundo de Investimento em Direitos CreditAvenida Paulista ,1499-19º. Andar                   01311200                                                            000008
1                   000902692011248461-1489                   0000000000000001489600000000002               011489      05091100000000100000000000012N260811120000000000000330000000000000000000000000000000000000000000000209263012000183Fundo de Investimento em Direitos CreditAvenida Paulista,1499-19º. Andar                    01311200                                                            000009
1                   000902692011248461-1490                   0000000000000001490P00000000002               011490      05091100000000152000000000012N260811120000000000000510000000000000000000000000000000000000000000000217184037019724389 Banco Mercantil do Brasil S.A.      Rua Capitão Gabriel,235                             07011010                                                            000010
1                   000902692011248461-1491                   0000000000000001491800000000002               011491      05091100000000072000000000012N260811120000000000000240000000000000000000000000000000000000000000000210377191000169ACM  Legalizações Empresariais Ltda. - MAvenida Capitão Mário Toledo de Camargo,            09170150                                                            000011
1                   000902692011248461-1492                   0000000000000001492600000000002               011492      05091100000001000000000000012N260811120000000000003330000000000000000000000000000000000000000000000233479023000180CITIBANK RISK MANAGEMENT                Avenida Paulista, nº 1.111, 2º andar,1.1            01311920                                                            000012
1                   000902692011248461-1493                   0000000000000001493400000000002               011493      05091100000000576000000000012N260811120000000000001920000000000000000000000000000000000000000000000200360305073845104 Caixa Econômica Federal             Rua Campos Sales,,198                               06401000                                                            000013
1                   000902692011248461-1494                   0000000000000001494200000000002               011494      05091100000000142000000000012N260811120000000000000470000000000000000000000000000000000000000000000100004591409813GERALDA FERREIRA DE OLIVA               Rua Adoniran Barbosa,36                             01318020                                                            000014
1                   000902692011248461-1139                   0000000000000001139000000000002               021139      25071100000000728640000000012N150711120000000000010000000000000000000000000000000000000000000000000208576917000140Recovery do Brasil Gestão de Ativos LtdaAvenida Paulista ,1499-19º. Andar                   01311200                                                            000015
1                   000902692011248461-1373                   0000000000000001373300000000002               061373      09091100000000164000000000012N120811120000000000010000000000000000000000000000000000000000000000000209263012000183Fundo de Investimento em Direitos CreditAvenida Paulista ,1499-19º. Andar                   01311200                                                            000016
9                                                                                                                                                                                                                                                                                                                                                                                                         000017