01REMESSA01COBRANCA       00000000000004130991SISTEMA DE CARTóRIO CERTIDõES 237BRADESCO       291211        MX0000488                                                                                                                                                                                                                                                                                     000001
1                   000902692011248461-2511                   0000000000000002511100000000002               012511      09011200000000210000000000012N281211120000000000000700000000000000000000000000000000000000000000000200360305267887104 Caixa Econômica Federal             Rua São Joaquim ,69-5º andar                        01508001                                                            000002
1                   000902692011248461-2512                   0000000000000002512P00000000002               012512      09011200000001462000000000012N2912111200000000000048700000000000000000000000000000000000000000000002000000006694071 Banco do Brasil S.A.                  Largo Sete de Setembro,S/N-(dentro do Fó            01501050                                                            000003
1                   000902692011248461-2513                   0000000000000002513800000000002               012513      29121100000040000000000000012N291211000000000000000000000000000000000000000000000000000000000000000100004028004608PAULO HENRIQUE RIMOLI                   RUA FLORIANOPOLIS, 110 APTO 702                     74815770                                                            000004
9                                                                                                                                                                                                                                                                                                                                                                                                         000005