01REMESSA01COBRANCA       00000000000004130991SISTEMA DE CARTóRIO CERTIDõES 237BRADESCO       290711        MX0000412                                                                                                                                                                                                                                                                                     000001
1                   000902692011248461-1229                   0000000000000001229P00000000002               011229      08081100000000240000000000012N280711120000000000000800000000000000000000000000000000000000000000000200360305122137104 Caixa Econômica Federal             AV: Professor Francisco Morato,1415,1415            05513100                                                            000002
1                   000902692011248461-1230                   0000000000000001230300000000002               011230      08081100000000148400000000012N280711120000000000000490000000000000000000000000000000000000000000000209263012000183Fundo de Investimento em Direitos CreditAvenida Paulista ,1499-19º. Andar                   01311200                                                            000003
1                   000902692011248461-1231                   0000000000000001231100000000002               011231      08081100000000155880000000012N280711120000000000000520000000000000000000000000000000000000000000000200360305100400104 Caixa Econômica Federal             Rua São Bento, ,397-1º ANDAR                        01011100                                                            000004
1                   000902692011248461-1232                   0000000000000001232P00000000002               011232      08081100000001105980000000012N280711120000000000003690000000000000000000000000000000000000000000000253283180000122Tesheiner Cavassani e Giacomazi AdvogadoRua João Adolfo,118-Conj. 405                       01050020                                                            000005
1                   000902692011248461-1233                   0000000000000001233800000000002               011233      08081100000000232000000000012N280711120000000000000770000000000000000000000000000000000000000000000209263012000183Fundo de Investimento em Direitos CreditAvenida Paulista ,1499-19º. Andar                   01311200                                                            000006
1                   000902692011248461-1234                   0000000000000001234600000000002               011234      08081100000000090000000000012N280711120000000000000300000000000000000000000000000000000000000000000100062220063887NEUZA MARIA DA SILVA MOREIRA            Avenida Jurucê,407-APTO 33                          04080011                                                            000007
1                   000902692011248461-1235                   0000000000000001235400000000002               011235      08081100000000100000000000012N280711120000000000000330000000000000000000000000000000000000000000000200360305098830104 Caixa Econômica Federal             Av. PADRE ANTONIO JOSE DOS SANTOS ,,459             04563130                                                            000008
1                   000902692011248461-1236                   0000000000000001236200000000002               011236      08081100000000240000000000012N280711120000000000000800000000000000000000000000000000000000000000000200360305267887104 Caixa Econômica Federal             Rua São Joaquim ,69-5º andar                        01508001                                                            000009
1                   000902692011248461-1237                   0000000000000001237000000000002               011237      08081100000000180000000000012N290711120000000000000600000000000000000000000000000000000000000000000262232889000190Banco Daycoval S/A                      Avenida Paulista ,1793-02º Andar                    01311200                                                            000010
1                   000902692011248461-1238                   0000000000000001238900000000002               011238      08081100000000080000000000012N290711120000000000000270000000000000000000000000000000000000000000000209263012000183Fundo de Investimento em Direitos CreditAvenida Paulista ,1499-19º. Andar                   01311200                                                            000011
1                   000902692011248461-1239                   0000000000000001239700000000002               011239      08081100000000085600000000012N290711120000000000000290000000000000000000000000000000000000000000000209263012000183Fundo de Investimento em Direitos CreditAvenida Paulista ,1499-19º. Andar                   01311200                                                            000012
1                   000902692011248461-1240                   0000000000000001240000000000002               011240      08081100000000085600000000012N290711120000000000000290000000000000000000000000000000000000000000000200000000636576Banco do Brasil S/A - Agência CalifórniaAv. Brasil,411                                      17700000                                                            000013
1                   000902692011248461-1241                   0000000000000001241900000000002               011241      08081100000000171200000000012N290711120000000000000570000000000000000000000000000000000000000000000200360305267887104 Caixa Econômica Federal             Rua São Joaquim ,69-5º andar                        01508001                                                            000014
1                   000902692011248461-1242                   0000000000000001242700000000002               011242      08081100000000196000000000012N290711120000000000000650000000000000000000000000000000000000000000000200360305024550104 Caixa Econômica Federal             Avenida Doutor Gastão Vidigal,1437                  05314000                                                            000015
1                   000902692011248461-1243                   0000000000000001243500000000002               011243      08081100000000090000000000012N290711120000000000000300000000000000000000000000000000000000000000000100024851531591RAMÃO HERRERA NETO                      Rua Anhangüera,247/261                              01135000                                                            000016
1                   000902692011248461-1244                   0000000000000001244300000000002               011244      08081100000000085600000000012N290711120000000000000290000000000000000000000000000000000000000000000200360305267887104 Caixa Econômica Federal             Rua São Joaquim ,69-5º andar                        01508001                                                            000017
1                   000902692011248461-1245                   0000000000000001245100000000002               011245      02081100000024700000000000012N290711000000000000000000000000000000000000000000000000000000000000000100013353049835NELSON WATANABE                         PRAÇA GENERAL PORTO CARREIRO, 231 AP122F            05331040                                                            000018
1                   000902692011248461-1246                   0000000000000001246P00000000002               011246      15091100000024700000000000012N290711000000000000000000000000000000000000000000000000000000000000000100013353049835NELSON WATANABE                         PRAÇA GENERAL PORTO CARREIRO, 231 AP122F            05331040                                                            000019
1                   000902692011248461-1247                   0000000000000001247800000000002               011247      08081100000000360000000000012N290711120000000000001200000000000000000000000000000000000000000000000209263012000183Fundo de Investimento em Direitos CreditAvenida Paulista ,1499-19º. Andar                   01311200                                                            000020
1                   000902692011248461-1248                   0000000000000001248600000000002               011248      02081100000024700000000000012N290711000000000000000000000000000000000000000000000000000000000000000100033963375817FELIPE JUNQUEIRA STEFAN                 RUA ALVES GUIMARAES, 385 APTO 63                    05410000                                                            000021
1                   000902692011248461-1249                   0000000000000001249400000000002               011249      02091100000009000000000000012N290711000000000000000000000000000000000000000000000000000000000000000100033963375817FELIPE JUNQUEIRA STEFAN                 RUA ALVES GUIMARAES, 385 APTO 63                    05410000                                                            000022
1                   000902692011248461-1250                   0000000000000001250800000000002               011250      02101100000008000000000000012N290711000000000000000000000000000000000000000000000000000000000000000100033963375817FELIPE JUNQUEIRA STEFAN                 RUA ALVES GUIMARAES, 385 APTO 63                    05410000                                                            000023
1                   000902692011248461-1251                   0000000000000001251600000000002               011251      02111100000007700000000000012N290711000000000000000000000000000000000000000000000000000000000000000100033963375817FELIPE JUNQUEIRA STEFAN                 RUA ALVES GUIMARAES, 385 APTO 63                    05410000                                                            000024
1                   000902692011248461-1252                   0000000000000001252400000000002               011252      08081100000000575000000000012N290711120000000000001920000000000000000000000000000000000000000000000262232889000190Banco Daycoval S/A                      Avenida Paulista ,1793-02º Andar                    01311200                                                            000025
1                   000902692011248461-1203                   0000000000000001203600000000002               021203      04081100000000040000000000012N250711120000000000010000000000000000000000000000000000000000000000000200360305025441104 Caixa Econômica Federal             RUA: Joaquim Floriano, 446,446                      04534002                                                            000026
1                   000902692011248461-756                    0000000000000000756300000000002               02756       30051100000000180000000000012N200511000000000000010000000000000000000000000000000000000000000000000210268300000100PLASTONY INDÚSTRIA E COMERCIO LTDA – ME Rua Casemiro de Abreu,54                            07700000                                                            000027
1                   000902692011248461-997                    0000000000000000997300000000002               02997       11071100000000280000000000012N010711120000000000010000000000000000000000000000000000000000000000000258616418000108Banco Fibra S/A                         Avenida Presidente Juscelino Kubitschek             04543000                                                            000028
1                   000902692011248461-1176                   0000000000000001176500000000002               021176      31071100000000744660000000012N200711120000000000010000000000000000000000000000000000000000000000000258616418000108Banco Fibra S/A                         Avenida Presidente Juscelino Kubitschek             04543000                                                            000029
9                                                                                                                                                                                                                                                                                                                                                                                                         000030