01REMESSA01COBRANCA       00000000000004130991SISTEMA DE CARTóRIO CERTIDõES 237BRADESCO       290411        MX0000355                                                                                                                                                                                                                                                                                     000001
1                   000902692011248461-455                    0000000000000000455600000000002               01455       18041100000000038940000000012N080411000000000000000130000000000000000000000000000000000000000000000100017115661871Nelson Cândido                          Rua Antonio Ferreira de Almeida,347                 12980000                                                            000002
1                   000902692011248461-456                    0000000000000000456400000000002               01456       18041100000000244200000000012N080411000000000000000810000000000000000000000000000000000000000000000208351432000159LIBRO COMPANHIA SECURITIZADORA DE CREDITAvenida Paulista,1499 – 19º. Andar ,1499            01311200                                                            000003
1                   000902692011248461-457                    0000000000000000457200000000002               01457       18041100000000078200000000012N080411000000000000000260000000000000000000000000000000000000000000000200360305024550104 Caixa Econômica Federal             Avenida Doutor Gastão Vidigal,,1437                 05314000                                                            000004
1                   000902692011248461-458                    0000000000000000458000000000002               01458       12041100000064000000000000012N080411060500000000000000000000000000000000000000000000000000000000000100027336131387Eldon Tajra Evangelista de Souza        Rua Azar Chaib, 366                                 64053290                                                            000005
1                   000902692011248461-459                    0000000000000000459900000000002               01459       18041100000000500000000000012N080411000000000000001670000000000000000000000000000000000000000000000209313766000109Caruana S/A Sociedade de Crédito Financ Av Das Nações Unidas nº 11541 11º Andar             04578000                                                            000006
1                   000902692011248461-460                    0000000000000000460200000000002               01460       18041100000000078200000000012N080411000000000000000260000000000000000000000000000000000000000000000200360305267887104 Caixa Econômica Federal             Rua São Joaquim ,69-5º andar                        01508001                                                            000007
1                   000902692011248461-461                    0000000000000000461000000000002               01461       21041100000000907190000000012N110411000000000000003020000000000000000000000000000000000000000000000203723171000137E Cunha Consultoria Empresarial Ltda.   Rua Nova York ,959-conj. 52                         04560002                                                            000008
1                   000902692011248461-462                    0000000000000000462900000000002               01462       21041100000000886500000000012N110411000000000000002960000000000000000000000000000000000000000000000200360305181656104 Caixa Econômica Federal             Avenida Santo Amaro ,7237                           04701200                                                            000009
1                   000902692011248461-463                    0000000000000000463700000000002               01463       22041100000000034900000000012N120411000000000000000120000000000000000000000000000000000000000000000201701201191260399 HSBC Bank Brasil S.A. - Banco MultipAvenida Sapopemba ,4100                             03374000                                                            000010
1                   000902692011248461-464                    0000000000000000464500000000002               01464       22041100000000088000000000012N120411000000000000000290000000000000000000000000000000000000000000000200360305267887104 Caixa Econômica Federal             Rua São Joaquim ,69-5º andar                        01508001                                                            000011
1                   000902692011248461-465                    0000000000000000465300000000002               01465       05061100000003333330000000012N120411060500000000000000000000000000000000000000000000000000000000000100003103794827Rita Maria Gaona                        Av. Professor João Fiusa, 2161 - apto 44            14024250                                                            000012
1                   000902692011248461-466                    0000000000000000466100000000002               01466       05071100000003333330000000012N120411060500000000000000000000000000000000000000000000000000000000000100003103794827Rita Maria Gaona                        Av. Professor João Fiusa, 2161 - apto 44            14024250                                                            000013
1                   000902692011248461-467                    0000000000000000467P00000000002               01467       05081100000003333330000000012N120411060500000000000000000000000000000000000000000000000000000000000100003103794827Rita Maria Gaona                        Av. Professor João Fiusa, 2161 - apto 44            14024250                                                            000014
1                   000902692011248461-468                    0000000000000000468800000000002               01468       05091100000003333330000000012N120411060500000000000000000000000000000000000000000000000000000000000100003103794827Rita Maria Gaona                        Av. Professor João Fiusa, 2161 - apto 44            14024250                                                            000015
1                   000902692011248461-469                    0000000000000000469600000000002               01469       05101100000003333330000000012N120411060500000000000000000000000000000000000000000000000000000000000100003103794827Rita Maria Gaona                        Av. Professor João Fiusa, 2161 - apto 44            14024250                                                            000016
1                   000902692011248461-470                    0000000000000000470P00000000002               01470       05111100000003333330000000012N120411060500000000000000000000000000000000000000000000000000000000000100003103794827Rita Maria Gaona                        Av. Professor João Fiusa, 2161 - apto 44            14024250                                                            000017
1                   000902692011248461-471                    0000000000000000471800000000002               01471       05061100000003333330000000012N120411060500000000000000000000000000000000000000000000000000000000000100031076131859Rodrigo de Melo Alvarenga               Rua Barão do Amazonas, 1167 apto 111                14024250                                                            000018
1                   000902692011248461-472                    0000000000000000472600000000002               01472       05071100000003333330000000012N120411060500000000000000000000000000000000000000000000000000000000000100031076131859Rodrigo de Melo Alvarenga               Rua Barão do Amazonas, 1167 apto 111                14010120                                                            000019
1                   000902692011248461-473                    0000000000000000473400000000002               01473       05081100000003333330000000012N120411060500000000000000000000000000000000000000000000000000000000000100031076131859Rodrigo de Melo Alvarenga               Rua Barão do Amazonas, 1167 apto 111                14010120                                                            000020
1                   000902692011248461-474                    0000000000000000474200000000002               01474       05091100000003333330000000012N120411060500000000000000000000000000000000000000000000000000000000000100031076131859Rodrigo de Melo Alvarenga               Rua Barão do Amazonas, 1167 apto 111                14010120                                                            000021
1                   000902692011248461-475                    0000000000000000475000000000002               01475       05101100000003333330000000012N120411060500000000000000000000000000000000000000000000000000000000000100031076131859Rodrigo de Melo Alvarenga               Rua Barão do Amazonas, 1167 apto 111                14010120                                                            000022
1                   000902692011248461-476                    0000000000000000476900000000002               01476       05111100000003333330000000012N120411060500000000000000000000000000000000000000000000000000000000000100031076131859Rodrigo de Melo Alvarenga               Rua Barão do Amazonas, 1167 apto 111                14010120                                                            000023
1                   000902692011248461-524                    0000000000000000524200000000002               01524       26041100000072000000000000012N190411060500000000000000000000000000000000000000000000000000000000000100075147050400Renato Bezerra Pereira de Melo          Rua Praia de Muriu, 2001- Casa 115                  59151427                                                            000024
1                   000902692011248461-525                    0000000000000000525000000000002               01525       10061100000072000000000000012N190411060500000000000000000000000000000000000000000000000000000000000100075147050400Renato Bezerra Pereira de Melo          Rua Praia de Muriu, 2001- Casa 115                  59151427                                                            000025
1                   000902692011248461-526                    0000000000000000526900000000002               01526       30041100000000927870000000012N200411000000000000003090000000000000000000000000000000000000000000000203723171000137E Cunha Consultoria Empresarial Ltda.   Rua Nova York ,959-conj. 52                         04560002                                                            000026
1                   000902692011248461-527                    0000000000000000527700000000002               01527       30041100000000070000000000012N200411000000000000000230000000000000000000000000000000000000000000000210377191000169ACM  Legalizações Empresariais Ltda. - MAvenida Capitão Mário Toledo de Camargo,            09170150                                                            000027
1                   000902692011248461-528                    0000000000000000528500000000002               01528       30041100000000100000000000012N200411000000000000000330000000000000000000000000000000000000000000000203586507000167J. A. Rezende Advogados Associados      Rua: Libero Badaró, ,471-17° ANDAR                  01009903                                                            000028
1                   000902692011248461-529                    0000000000000000529300000000002               01529       30041100000000187910000000012N200411060500000000000000000000000000000000000000000000000000000000000259285411000113BANCO PANAMERICANO SA                   AV PAULISTA, 2240 SÃO PAULO SP                      01310300                                                            000029
1                   000902692011248461-530                    0000000000000000530700000000002               01530       30041100000000153700000000012N200411000000000000000510000000000000000000000000000000000000000000000201701201033788399 HSBC Bank Brasil S.A. - Banco MultipAvenida Doutor Vital Brasil ,214/216                05503000                                                            000030
1                   000902692011248461-531                    0000000000000000531500000000002               01531       30041100000000120000000000012N200411000000000000000400000000000000000000000000000000000000000000000205888414000112CREAÇÕES MX FASHION LIMITADA            Rua Aimorés - lado par,210                          01122010                                                            000031
1                   000902692011248461-543                    0000000000000000543900000000002               01543       06051100000001401070000000012N260411000000000000004670000000000000000000000000000000000000000000000200360305025441104 Caixa Econômica Federal             RUA: Joaquim Floriano, 446,446                      04534002                                                            000032
1                   000902692011248461-544                    0000000000000000544700000000002               01544       06051100000000078200000000012N2604110000000000000002600000000000000000000000000000000000000000000002000000000001911 Banco do Brasil S.A.                  Avenida Nazaré ,595                                 04263000                                                            000033
1                   000902692011248461-545                    0000000000000000545500000000002               01545       06051100000000119000000000012N260411000000000000000400000000000000000000000000000000000000000000000260701190070811341 Banco Itaú S.A.                     Avenida General Ataliba Leonel,3055                 02242001                                                            000034
1                   000902692011248461-546                    0000000000000000546300000000002               01546       06051100000000030000000000012N260411000000000000000100000000000000000000000000000000000000000000000201190978000126ITALIA COMERCIAL TEXTIL LTDA ME         Rua Almirante Barroso,308                           03025000                                                            000035
1                   000902692011248461-547                    0000000000000000547100000000002               01547       06051100000000432000000000012N260411000000000000001440000000000000000000000000000000000000000000000271719165000166Minhoto Advogados Associados            Rua Joaquim Távora ,832                             04015011                                                            000036
1                   000902692011248461-548                    0000000000000000548P00000000002               01548       06051100000000529400000000012N260411000000000000001760000000000000000000000000000000000000000000000203723171000137E Cunha Consultoria Empresarial Ltda.   Rua Nova York ,959-conj. 52                         04560002                                                            000037
1                   000902692011248461-549                    0000000000000000549800000000002               01549       06051100000000666400000000012N260411000000000000002220000000000000000000000000000000000000000000000200360305025441104 Caixa Econômica Federal             Rua Joaquim Floriano ,446                           04534002                                                            000038
1                   000902692011248461-550                    0000000000000000550100000000002               01550       07051100000000280000000000012N270411000000000000000930000000000000000000000000000000000000000000000262232889000190Banco Daycoval S/A                      Avenida Paulista ,1793-02º Andar                    01311200                                                            000039
1                   000902692011248461-551                    0000000000000000551P00000000002               01551       07051100000000029000000000012N270411000000000000000100000000000000000000000000000000000000000000000210377191000169ACM  Legalizações Empresariais Ltda. - MAvenida Capitão Mário Toledo de Camargo,            09170150                                                            000040
1                   000902692011248461-552                    0000000000000000552800000000002               01552       07051100000000100000000000012N270411000000000000000330000000000000000000000000000000000000000000000200360305025441104 Caixa Econômica Federal             Rua Joaquim Floriano ,446                           04534002                                                            000041
1                   000902692011248461-553                    0000000000000000553600000000002               01553       07051100000000130000000000012N270411000000000000000430000000000000000000000000000000000000000000000262232889000190Banco Daycoval S/A                      Avenida Paulista ,1793-02º Andar                    01311200                                                            000042
1                   000902692011248461-554                    0000000000000000554400000000002               01554       07051100000000060000000000012N270411000000000000000200000000000000000000000000000000000000000000000201190978000126ITALIA COMERCIAL TEXTIL LTDA ME         Rua Almirante Barroso,308                           03025000                                                            000043
1                   000902692011248461-555                    0000000000000000555200000000002               01555       07051100000001034300000000012N270411000000000000003450000000000000000000000000000000000000000000000205888414000112CREAÇÕES MX FASHION LIMITADA            Rua Aimorés - lado par,210                          01122010                                                            000044
1                   000902692011248461-556                    0000000000000000556000000000002               01556       07051100000000412000000000012N270411000000000000001370000000000000000000000000000000000000000000000208351432000159LIBRO COMPANHIA SECURITIZADORA DE CREDITAvenida Paulista,1499 – 19º. Andar ,1499            01311200                                                            000045
1                   000902692011248461-557                    0000000000000000557900000000002               01557       07051100000000412000000000012N270411000000000000001370000000000000000000000000000000000000000000000262232889000190Banco Daycoval S/A                      Avenida Paulista ,1793-02º Andar                    01311200                                                            000046
1                   000902692011248461-558                    0000000000000000558700000000002               01558       07051100000000156400000000012N270411000000000000000520000000000000000000000000000000000000000000000200360305267887104 Caixa Econômica Federal             Rua São Joaquim ,69-5º andar                        01508001                                                            000047
1                   000902692011248461-559                    0000000000000000559500000000002               01559       02051100000018000000000000012N270411060500000000000000000000000000000000000000000000000000000000000100080410634972Niceia Camargo do Vale Bastos           Rua Capitão Frederico Virmond, 443                  85065580                                                            000048
1                   000902692011248461-560                    0000000000000000560900000000002               01560       08051100000000110000000000012N280411000000000000000370000000000000000000000000000000000000000000000100004851624824GILBERTO JOSE DE OLIVEIRA               Avenida General Penha Brasil,293                    02673000                                                            000049
1                   000902692011248461-576                    0000000000000000576500000000002               01576       09051100000000121000000000012N290411000000000000000400000000000000000000000000000000000000000000000100010482754850LUZIA LOPES SANTOS                      Rua Giuseppina Comino,507                           06783090                                                            000050
1                   000902692011248461-561                    0000000000000000561700000000002               01561       08051100000000107000000000012N280411000000000000000360000000000000000000000000000000000000000000000100009951206840 AGDA PRINCIPE DE CARVALHO              Rua Vasco da Gama,132                               03003050                                                            000051
1                   000902692011248461-562                    0000000000000000562500000000002               01562       08051100000000119000000000012N280411000000000000000400000000000000000000000000000000000000000000000100036829447534GERALDO DE JESUS ARRUDA                 Rua da Concórdia,207                                06816340                                                            000052
1                   000902692011248461-563                    0000000000000000563300000000002               01563       08051100000000029000000000012N280411000000000000000100000000000000000000000000000000000000000000000210377191000169ACM  Legalizações Empresariais Ltda. - MAvenida Capitão Mário Toledo de Camargo,            09170150                                                            000053
1                   000902692011248461-565                    0000000000000000565P00000000002               01565       09051100000000856800000000012N280411000000000000002860000000000000000000000000000000000000000000000200360305181656104 Caixa Econômica Federal             Avenida Santo Amaro ,7237                           04701200                                                            000054
1                   000902692011248461-566                    0000000000000000566800000000002               01566       30061100000015000000000000012N280411060500000000000000000000000000000000000000000000000000000000000100005352132803Virginia Andrade Silva Manzaro          Rua Jose Comparato, 56                              01546070                                                            000055
1                   000902692011248461-567                    0000000000000000567600000000002               01567       01081100000015000000000000012N280411060500000000000000000000000000000000000000000000000000000000000100005352132803Virginia Andrade Silva Manzaro          Rua Jose Comparato, 56                              01546070                                                            000056
1                   000902692011248461-568                    0000000000000000568400000000002               01568       04071100000023000000000000012N280411060500000000000000000000000000000000000000000000000000000000000100001225663350Gercilio Ferreira Macedo                Av. Rio Poti, 795                                   64049410                                                            000057
1                   000902692011248461-569                    0000000000000000569200000000002               01569       02081100000023000000000000012N280411060500000000000000000000000000000000000000000000000000000000000100001225663350Gercilio Ferreira Macedo                Av. Rio Poti, 795                                   64049410                                                            000058
1                   000902692011248461-570                    0000000000000000570600000000002               01570       09051100000000952000000000012N280411060500000000003170000000000000000000000000000000000000000000000200360305181656104 Caixa Econômica Federal             Avenida Santo Amaro ,7237                           04701200                                                            000059
1                   000902692011248461-571                    0000000000000000571400000000002               01571       09051100000000210000000000012N280411000000000000000700000000000000000000000000000000000000000000000200360305167904104 Caixa Econômica Federal             Avenida Paulista,302                                01310000                                                            000060
1                   000902692011248461-572                    0000000000000000572200000000002               01572       08051100000000160000000000012N280411000000000000000530000000000000000000000000000000000000000000000200360305288884104 Caixa Econômica Federal             Avenida Nova Cantareira,2581                        02341000                                                            000061
1                   000902692011248461-573                    0000000000000000573000000000002               01573       09051100000000100000000000012N280411060500000000000330000000000000000000000000000000000000000000000203586507000167J. A. Rezende advogados associados      Rua: Libero Badaró, ,471-17° ANDAR                  01009903                                                            000062
1                   000902692011248461-574                    0000000000000000574900000000002               01574       08051100000000763040000000012N280411000000000000002540000000000000000000000000000000000000000000000200360305297875104 Caixa Econômica Federal             Rua Dom José Gaspar,1194                            09370670                                                            000063
1                   000902692011248461-575                    0000000000000000575700000000002               01575       09051100000000059000000000012N290411000000000000000200000000000000000000000000000000000000000000000210377191000169ACM  Legalizações Empresariais Ltda. - MAvenida Capitão Mário Toledo de Camargo,            09170150                                                            000064
1                   000902692011248461-577                    0000000000000000577300000000002               01577       09051100000000100000000000012N290411000000000000000330000000000000000000000000000000000000000000000200360305303271104 Caixa Econômica Federal             Avenida Brasil ,67                                  01431000                                                            000065
1                   000902692011248461-163                    0000000000000000163800000000002               02163       13031100000000035000000000012N030311000000000000010000000000000000000000000000000000000000000000000206120493000180CONFORMITY ASSESSORIA EM GESTAO EMPRESARRua José Bonifácio,278                              01003000                                                            000066
9                                                                                                                                                                                                                                                                                                                                                                                                         000067