01REMESSA01COBRANCA       00000000000004130991SISTEMA DE CARTÛRIO CERTIDıES 237BRADESCO       290911        MX0000447                                                                                                                                                                                                                                                                                     000001
1                   000902692011248461-1765                   0000000000000001765800000000002               021765      07101100000000170000000000012N270911120000000000010000000000000000000000000000000000000000000000000209624793000194BIANCHINI SOCIEDADE DE ADVOGADOS        Avenida Pedroso de Morais,2315                      05419001                                                            000002
9                                                                                                                                                                                                                                                                                                                                                                                                         000003