01REMESSA01COBRANCA       00000000000004130991SISTEMA DE CARTóRIO CERTIDõES 237BRADESCO       290611        MX0000393                                                                                                                                                                                                                                                                                     000001
1                   000902692011248461-966                    0000000000000000966300000000002               01966       08071100000000320000000000012N280611120000000000001070000000000000000000000000000000000000000000000233479023000180CITIBANK RISK MANAGEMENT                Avenida Paulista, ,1.111-2º andar                   01311920                                                            000002
1                   000902692011248461-967                    0000000000000000967100000000002               01967       08071100000000240000000000012N280611120000000000000800000000000000000000000000000000000000000000000200360305417013104 Caixa Econômica Federal             Avenida Santo Amaro,7237-1º andar                   04701200                                                            000003
1                   000902692011248461-968                    0000000000000000968P00000000002               01968       08071100000000295790000000012N280611120000000000000990000000000000000000000000000000000000000000000100017683448842LUIS MARTINS NETTO                      Rua Barão de Ladário,670-Sl. 404                    03010000                                                            000004
1                   000902692011248461-969                    0000000000000000969800000000002               01969       08071100000000116000000000012N280611120000000000000390000000000000000000000000000000000000000000000200360305411597104 Caixa Econômica Federal             Avenida Goiás,1780,1780                             09550050                                                            000005
1                   000902692011248461-970                    0000000000000000970100000000002               01970       08071100000000144000000000012N280611120000000000000480000000000000000000000000000000000000000000000100028764374491RUI BENEDITO DA SILVA                   Rua Izabel Camarero Losano,102                      07179720                                                            000006
1                   000902692011248461-971                    0000000000000000971P00000000002               01971       08071100000000142000000000012N280611120000000000000470000000000000000000000000000000000000000000000100081720556687MARIA RITA DA PAZ DE OLIVEIRA CRUZ      Rua Quatro,130                                      31360640                                                            000007
1                   000902692011248461-972                    0000000000000000972800000000002               01972       11071100000000078200000000012N290611120000000000000260000000000000000000000000000000000000000000000208351432000159LIBRO COMPANHIA SECURITIZADORA DE CREDITAvenida Paulista,,1499-19º andar                    01311200                                                            000008
1                   000902692011248461-973                    0000000000000000973600000000002               01973       09071100000000200000000000012N290611120000000000000670000000000000000000000000000000000000000000000200360305267887104 Caixa Econômica Federal             Rua São Joaquim ,69-5º andar                        01508001                                                            000009
1                   000902692011248461-974                    0000000000000000974400000000002               01974       11071100000000170000000000012N290611120000000000000570000000000000000000000000000000000000000000000233479023000180CITIBANK RISK MANAGEMENT                Avenida Paulista,,1.111-2º andar                    01311920                                                            000010
1                   000902692011248461-975                    0000000000000000975200000000002               01975       11071100000000076000000000012N290611120000000000000250000000000000000000000000000000000000000000000200360305267887104 Caixa Econômica Federal             Rua São Joaquim ,69-5º andar                        01508001                                                            000011
1                   000902692011248461-976                    0000000000000000976000000000002               01976       11071100000000076000000000012N290611120000000000000250000000000000000000000000000000000000000000000200360305267887104 Caixa Econômica Federal             Rua São Joaquim ,69-5º andar                        01508001                                                            000012
1                   000902692011248461-977                    0000000000000000977900000000002               01977       11071100000000837250000000012N290611120000000000002790000000000000000000000000000000000000000000000209263012000183Fundo de Investimento em Direitos CreditAvenida Paulista,1499-19º andar                     01311200                                                            000013
1                   000902692011248461-918                    0000000000000000918300000000002               02918       24061100000000142000000000012N140611000000000000010000000000000000000000000000000000000000000000000100032590268866MARCILIO RIBEIRO NETO                   Rua Edson Erasmo da Silva,535                       09370826                                                            000014
9                                                                                                                                                                                                                                                                                                                                                                                                         000015