01REMESSA01COBRANCA       00000000000004130991SISTEMA DE CARTÛRIO CERTIDıES 237BRADESCO       300511        MX0000374                                                                                                                                                                                                                                                                                     000001
1                   000902692011248461-677                    0000000000000000677P00000000002               02677       20051100000001122900000000012N100511000000000000010000000000000000000000000000000000000000000000000233479023000180CITIBANK RISK MANAGEMENT                Avenida Paulista, n∫ 1.111, 2∫ andar,1.1            01311920                                                            000002
9                                                                                                                                                                                                                                                                                                                                                                                                         000003