01REMESSA01COBRANCA       00000000000004130991SISTEMA DE CARTóRIO CERTIDõES 237BRADESCO       300611        MX0000394                                                                                                                                                                                                                                                                                     000001
1                   000902692011248461-978                    0000000000000000978700000000002               01978       04071100000024700000000000012N290611120000000000000000000000000000000000000000000000000000000000000100001463513801Jacques Guerreiro                       Av. Dr. Silva Melo, 132 - Bl 07 apto 208            04675010                                                            000002
1                   000902692011248461-979                    0000000000000000979500000000002               01979       18081100000024700000000000012N290611000000000000000000000000000000000000000000000000000000000000000100001463513801Jacques Guerreiro                       Av. Dr. Silva Melo, 132 - Bl 07 apto 208            04675010                                                            000003
1                   000902692011248461-980                    0000000000000000980900000000002               01980       25071100000013807240000000012N290611120000000000046020000000000000000000000000000000000000000000000292894922000108BANCO MATONE (Núcleo Consignado RJ - MatAvenida Rio Branco,115  18 º Andar                  20040004                                                            000004
1                   000902692011248461-981                    0000000000000000981700000000002               01981       11071100000000400000000000012N290611120000000000001330000000000000000000000000000000000000000000000207698219000155Staff Gestão Imobiliária Ltda           Rua Alves Guimarães,462-10 andar cj 101             05410000                                                            000005
1                   000902692011248461-982                    0000000000000000982500000000002               01982       11071100000000340000000000012N290611120000000000001130000000000000000000000000000000000000000000000209263012000183Fundo de Investimento em Direitos CreditAvenida Paulista,1499-19º andar                     01311200                                                            000006
1                   000902692011248461-983                    0000000000000000983300000000002               01983       11071100000000120000000000012N2906111200000000000004000000000000000000000000000000000000000000000002000000005288461 Banco do Brasil S.A.                  Avenida Itaberaba,1735                              02734000                                                            000007
1                   000902692011248461-984                    0000000000000000984100000000002               01984       11071100000000156400000000012N290611120000000000000520000000000000000000000000000000000000000000000209263012000183Fundo de Investimento em Direitos CreditAvenida Paulista,1499-19º andar                     01311200                                                            000008
1                   000902692011248461-985                    0000000000000000985P00000000002               01985       11071100000000076000000000012N290611120000000000000250000000000000000000000000000000000000000000000209263012000183LIBRO COMPANHIA SECURITIZADORA DE CREDITAvenida Paulista ,1499-19º. Andar                   01311200                                                            000009
1                   000902692011248461-986                    0000000000000000986800000000002               01986       11071100000000140000000000012N290611120000000000000470000000000000000000000000000000000000000000000208351432000159LIBRO COMPANHIA SECURITIZADORA DE CREDITAvenida Paulista,1499 ,1499-19º andar               01311200                                                            000010
1                   000902692011248461-987                    0000000000000000987600000000002               01987       05081100000006987870000000012N290611120000000000023290000000000000000000000000000000000000000000000292894922000108BANCO MATONE (Núcleo Consignado RJ - MatAvenida Rio Branco,115 18º andar                    20040004                                                            000011
1                   000902692011248461-873                    0000000000000000873P00000000002               02873       17061100000000340000000000012N070611000000000000010000000000000000000000000000000000000000000000000209263012000183Fundo de Investimento em Direitos CreditAvenida Paulista,1499-19º andar                     01311200                                                            000012
1                   000902692011248461-932                    0000000000000000932900000000002               06932       04071100000001702080000000012N170611000000000000010000000000000000000000000000000000000000000000000207058096000198ANA PELLEGRINI ADVOGADOS ASSOCIADOS     Avenida Paulista,1159-Conj. 703 – 7º and            01311200                                                            000013
9                                                                                                                                                                                                                                                                                                                                                                                                         000014