01REMESSA01COBRANCA       00000000000004130991SISTEMA DE CARTóRIO CERTIDõES 237BRADESCO       300811        MX0000431                                                                                                                                                                                                                                                                                     000001
1                   000902692011248461-1495                   0000000000000001495000000000002               011495      08091100000000820000000000012N290811120000000000002730000000000000000000000000000000000000000000000209263012000183Fundo de Investimento em Direitos CreditAvenida Paulista ,1499-19º. Andar                   01311200                                                            000002
1                   000902692011248461-1496                   0000000000000001496900000000002               011496      08091100000000320000000000012N290811120000000000001070000000000000000000000000000000000000000000000209263012000183Fundo de Investimento em Direitos CreditAvenida Paulista ,1499-19º. Andar                   01311200                                                            000003
1                   000902692011248461-1497                   0000000000000001497700000000002               011497      08091100000000180000000000012N290811120000000000000600000000000000000000000000000000000000000000000100014730890850NEIDE  APARECIDA                        Avenida Coronel Manuel Py,71-Casa 5                 02442090                                                            000004
1                   000902692011248461-1498                   0000000000000001498500000000002               011498      08091100000000600000000000012N290811120000000000002000000000000000000000000000000000000000000000000217184037019724389 Banco Mercantil do Brasil S.A.      Rua Capitão Gabriel,235                             07011010                                                            000005
1                   000902692011248461-1499                   0000000000000001499300000000002               011499      08091100000000150000000000012N290811120000000000000500000000000000000000000000000000000000000000000253283180000122Tesheiner Cavassani e Giacomazi AdvogadoRua João Adolfo,118-Conj. 405                       01050020                                                            000006
1                   000902692011248461-1500                   0000000000000001500000000000002               011500      08091100000000600000000000012N290811120000000000002000000000000000000000000000000000000000000000000233479023000180CITIBANK RISK MANAGEMENT                Avenida Paulista, nº 1.111, 2º andar,1.1            01311920                                                            000007
1                   000902692011248461-1501                   0000000000000001501900000000002               011501      08091100000000200000000000012N290811120000000000000670000000000000000000000000000000000000000000000233479023000180CITIBANK RISK MANAGEMENT                Avenida Paulista, ,1.111-2º andar                   01311920                                                            000008
1                   000902692011248461-1502                   0000000000000001502700000000002               011502      08091100000000400000000000012N290811120000000000001330000000000000000000000000000000000000000000000233479023000180CITIBANK RISK MANAGEMENT                Avenida Paulista, nº 1.111, 2º andar,1.1            01311920                                                            000009
1                   000902692011248461-1503                   0000000000000001503500000000002               011503      08091100000000120800000000012N290811120000000000000400000000000000000000000000000000000000000000000292894922000108BANCO MATONE (Núcleo Consignado RJ - MatAvenida Rio Branco,80-8º  e 9º andar                20040070                                                            000010
1                   000902692011248461-1504                   0000000000000001504300000000002               011504      08091100000000142000000000012N290811120000000000000470000000000000000000000000000000000000000000000100017359013852RENATO FERREIRA NASCENTE                AVENIDA CINCO,93                                    13510000                                                            000011
1                   000902692011248461-1505                   0000000000000001505100000000002               011505      08091100000000030000000000012N290811120000000000000100000000000000000000000000000000000000000000000100017683448842LUIS MARTINS NETTO                      Rua Barão de Ladário,670-SL. 404                    03010000                                                            000012
1                   000902692011248461-1506                   0000000000000001506P00000000002               011506      08091100000000110000000000012N290811120000000000000370000000000000000000000000000000000000000000000208679884000164FARES HALABIYAH JUNIOR - ME             Rua Itinguçu ,2413                                  03658001                                                            000013
1                   000902692011248461-1362                   0000000000000001362800000000002               311362      26091100000010000000000000012N080811000000000000000000000000000000000000000000000000000000000000000100081307578004RAFAEL MROZINSKI                        AV. MATO GROSSO DO SUL, 201                         78455000                                                            000014
9                                                                                                                                                                                                                                                                                                                                                                                                         000015