01REMESSA01COBRANCA       00000000000004130991SISTEMA DE CARTóRIO CERTIDõES 237BRADESCO       300311        MX0000339                                                                                                                                                                                                                                                                                     000001
1                   000902692011248461-311                    0000000000000000311800000000002               01311       07041100000000120000000000012N280311000000000000010000000000000000000000000000000000000000000000000203586507000167J. A. Rezende advogados associados      Rua: Libero Badaró, ,471-17° ANDAR                  01009903                                                            000002
1                   000902692011248461-312                    0000000000000000312600000000002               01312       07041100000000100000000000012N280311000000000000010000000000000000000000000000000000000000000000000203586507000167J. A. Rezende Advogados Associados      Rua: Libero Badaró, ,471-17° Andar                  01009903                                                            000003
1                   000902692011248461-313                    0000000000000000313400000000002               01313       07041100000000118900000000012N280311060500000000000000000000000000000000000000000000000000000000000259285411000113BANCO PANAMERICANO SA                   AV PAULISTA, 2240 SÃO PAULO SP                       0131030                                                            000004
1                   000902692011248461-316                    0000000000000000316900000000002               01316       07041100000019669350000000012N280311000000000000010000000000000000000000000000000000000000000000000292894922000108BANCO MATONE (Núcleo Consignado RJ - MatAvenida Rio Branco,80-8º  e 9º andar                20040070                                                            000005
1                   000902692011248461-317                    0000000000000000317700000000002               01317       07041100000000340000000000012N280311000000000000010000000000000000000000000000000000000000000000000200360305267887104 Caixa Econômica Federal             Rua São Joaquim,,69-4º andar                        01508000                                                            000006
1                   000902692011248461-318                    0000000000000000318500000000002               01318       29031100000010000000000000012N280311060500000000000000000000000000000000000000000000000000000000000100032971235831RICARDO ROMI ZANATTA                    RUA DAS DALIAS, 203 STA BARBARA DO OESTE            13450519                                                            000007
1                   000902692011248461-319                    0000000000000000319300000000002               01319       08041100000000254400000000012N290311000000000000010000000000000000000000000000000000000000000000000200360305412569104 Caixa Econômica Federal             Avenida Morumbi ,7976                               04703001                                                            000008
1                   000902692011248461-320                    0000000000000000320700000000002               01320       08041100000000630700000000012N290311000000000000010000000000000000000000000000000000000000000000000262232889000190Banco Daycoval S/A                      Avenida Paulista ,1793-2º andar                     01311200                                                            000009
1                   000902692011248461-321                    0000000000000000321500000000002               01321       08041100000000145000000000012N290311000000000000010000000000000000000000000000000000000000000000000208351432000159LIBRO COMPANHIA SECURITIZADORA DE CREDITAvenida Paulista,1499 – 19º. Andar ,1499            01311200                                                            000010
1                   000902692011248461-322                    0000000000000000322300000000002               01322       08041100000000500000000000012N290311000000000000010000000000000000000000000000000000000000000000000200360305181656104 Caixa Econômica Federal             Avenida Santo Amaro ,7237                           04701200                                                            000011
1                   000902692011248461-323                    0000000000000000323100000000002               01323       08041100000000450000000000012N290311000000000000010000000000000000000000000000000000000000000000000260746948150270237 Banco Bradesco S.A.                 Avenida Santos Dumont,230                           07220000                                                            000012
1                   000902692011248461-324                    0000000000000000324P00000000002               01324       08041100000000677680000000012N290311000000000000010000000000000000000000000000000000000000000000000203723171000137E Cunha Consultoria Empresarial Ltda.   Rua Nova York ,959-conj. 52                         04560002                                                            000013
1                   000902692011248461-325                    0000000000000000325800000000002               01325       08041100000002063720000000012N290311000000000000010000000000000000000000000000000000000000000000000205341148000103FUSÃO SOLUÇÕES PARA MEDICINA LTDA       Rua Funchal,538-CJ 115                              04551060                                                            000014
1                   000902692011248461-299                    0000000000000000299500000000002               02299       03041100000000090000000000012N240311000000000000010000000000000000000000000000000000000000000000000100010196237807MARIA YEMIKO TAKARA                     Rua Missão Velha,115                                03249040                                                            000015
1                   000902692011248461-258                    0000000000000000258800000000002               06258       11041100000008931490000000012N180311000000000000010000000000000000000000000000000000000000000000000292894922000108BANCO MATONE (Núcleo Consignado RJ - MatAvenida Rio Branco,80-8º  e 9º andar                20040070                                                            000016
1                   000902692011248461-248                    0000000000000000248000000000002               06248       11041100000004213040000000012N180311000000000000010000000000000000000000000000000000000000000000000292894922000108BANCO MATONE (Núcleo Consignado RJ - MatAvenida Rio Branco,80-8º  e 9º andar                20040070                                                            000017
9                                                                                                                                                                                                                                                                                                                                                                                                         000018