01REMESSA01COBRANCA       00000000000004130991SISTEMA DE CARTóRIO CERTIDõES 237BRADESCO       300911        MX0000448                                                                                                                                                                                                                                                                                     000001
1                   000902692011248461-1785                   0000000000000001785200000000002               011785      10101100000001365210000000012N290911120000000000004550000000000000000000000000000000000000000000000270940994000101PANDURATA ALIMENTOS LTDA.               Rua Fritz Reimann,628-3º andar                      07044020                                                            000002
1                   000902692011248461-1786                   0000000000000001786000000000002               011786      10101100000000040250000000012N300911120000000000000130000000000000000000000000000000000000000000000258809203000103BRAZILIAN COLOR INDÚSTRIA DE TINTAS E VERua Maria dos Anjos Agostinho,,228                  07251160                                                            000003
1                   000902692011248461-1787                   0000000000000001787900000000002               011787      17101100000001728000000000012N300911120000000000005760000000000000000000000000000000000000000000000207964366000120FUNDO DE INVESTIMENTO EM DIREITOS CREDITAvenida Paulista ,1499-19º andar                    01311200                                                            000004
9                                                                                                                                                                                                                                                                                                                                                                                                         000005