01REMESSA01COBRANCA       00000000000004130991SISTEMA DE CARTóRIO CERTIDõES 237BRADESCO       300112        MX0000501                                                                                                                                                                                                                                                                                     000001
1                   000902692011248461-2719                   0000000000000002719P00000000002               012719      06021200000000085000000000012N240112120000000000000280000000000000000000000000000000000000000000000100002024458017Rafael Koch Barbosa                     Rua José Bonifácio,278                              01003000                                                            000002
1                   000902692011248461-2720                   0000000000000002720300000000002               012720      10021200000010000000000000012N260112000000000000000000000000000000000000000000000000000000000000000100008725393693JOAO RICARDO MELO AVELAR                RUA ARMANDO LOMBARDI, 128 CASA 02                   38400000                                                            000003
1                   000902692011248461-2721                   0000000000000002721100000000002               012721      06021200000020000000000000012N260112000000000000000000000000000000000000000000000000000000000000000100095810374972MARA REGINA OKUMURA BAGINI              RUA LAURINDO BORGES, 1716 APTO 302                  87303230                                                            000004
1                   000902692011248461-2722                   0000000000000002722P00000000002               012722      13021200000009372240000000012N260112120000000000031240000000000000000000000000000000000000000000000292894922000108Banco Original S.A                      Avenida Rio Branco,115-18º andar                    20040004                                                            000005
1                   000902692011248461-2723                   0000000000000002723800000000002               012723      06021200000001439460000000012N270112120000000000004800000000000000000000000000000000000000000000000201701201091125399 HSBC Bank Brasil S.A. - Banco MultipAvenida Brigadeiro Faria Lima ,2018                 01451000                                                            000006
1                   000902692011248461-2724                   0000000000000002724600000000002               012724      13021200000000448000000000012N270112120000000000001490000000000000000000000000000000000000000000000209263012000183Fundo de Investimento em Direitos CreditAvenida Paulista ,1499-19º andar                    01311200                                                            000007
1                   000902692011248461-2725                   0000000000000002725400000000002               012725      06021200000000200000000000012N270112120000000000000670000000000000000000000000000000000000000000000262232889000190Banco Daycoval S/A                      Avenida Paulista ,1793-02º Andar                    01311200                                                            000008
1                   000902692011248461-2726                   0000000000000002726200000000002               012726      06021200000000492000000000012N270112120000000000001640000000000000000000000000000000000000000000000200360305100400104 Caixa Econômica Federal             Rua São Bento,397-1º ANDAR                          01011100                                                            000009
1                   000902692011248461-2727                   0000000000000002727000000000002               012727      06021200000000180000000000012N270112120000000000000600000000000000000000000000000000000000000000000205888414000112CREAÇÕES MX FASHION LIMITADA            Rua Aimorés,210                                     01122010                                                            000010
1                   000902692011248461-2728                   0000000000000002728900000000002               012728      06021200000000080500000000012N270112120000000000000270000000000000000000000000000000000000000000000210377191000169ACM ASSESSORIA CONTABIL LTDA            Avenida Capitão Mário Toledo de Camargo,            09170150                                                            000011
1                   000902692011248461-2729                   0000000000000002729700000000002               012729      06021200000000040250000000012N270112120000000000000130000000000000000000000000000000000000000000000210377191000169ACM ASSESSORIA CONTABIL LTDA            Avenida Capitão Mário Toledo de Camargo,            09170150                                                            000012
1                   000902692011248461-2730                   0000000000000002730000000000002               012730      06021200000000170000000000012N270112120000000000000570000000000000000000000000000000000000000000000209624793000194BIANCHINI SOCIEDADE DE ADVOGADOS        Avenida Pedroso de Morais,2315                      05419001                                                            000013
1                   000902692011248461-2731                   0000000000000002731900000000002               012731      06021200000000400000000000012N270112120000000000001330000000000000000000000000000000000000000000000262232889000190Banco Daycoval S/A                      Avenida Paulista ,1793-02º Andar                    01311200                                                            000014
1                   000902692011248461-2732                   0000000000000002732700000000002               012732      06021200000000200000000000012N270112120000000000000670000000000000000000000000000000000000000000000209263012000183Fundo de Investimento em Direitos CreditAvenida Paulista ,1499-19º. Andar                   01311200                                                            000015
1                   000902692011248461-2733                   0000000000000002733500000000002               012733      13021200000000484000000000012N270112120000000000001610000000000000000000000000000000000000000000000209263012000183Fundo de Investimento em Direitos CreditAvenida Paulista ,1499-19º. Andar                   01311200                                                            000016
1                   000902692011248461-2734                   0000000000000002734300000000002               012734      06021200000000328500000000012N270112120000000000001100000000000000000000000000000000000000000000000253283180000122Tesheiner Cavassani e Giacomazi AdvogadoRua João Adolfo,118-Conj. 405                       01050020                                                            000017
1                   000902692011248461-2735                   0000000000000002735100000000002               012735      06021200000000144000000000012N270112120000000000000480000000000000000000000000000000000000000000000200360305267887104 Caixa Econômica Federal             Rua São Joaquim,,69-5º andar                        01508000                                                            000018
1                   000902692011248461-2736                   0000000000000002736P00000000002               012736      09021200000001195840000000012N300112120000000000003990000000000000000000000000000000000000000000000201701201091125399 HSBC Bank Brasil S.A. - Banco MultipAvenida Brigadeiro Faria Lima ,2018                 01451000                                                            000019
1                   000902692011248461-2737                   0000000000000002737800000000002               012737      09021200000001195840000000012N300112120000000000003990000000000000000000000000000000000000000000000201701201091125399 HSBC Bank Brasil S.A. - Banco MultipAvenida Brigadeiro Faria Lima ,2018                 01451000                                                            000020
1                   000902692011248461-2738                   0000000000000002738600000000002               012738      09021200000000471000000000012N300112120000000000001570000000000000000000000000000000000000000000000200360305122803104 Caixa Econômica Federal             Avenida Presidente Vargas,,479                      06694000                                                            000021
1                   000902692011248461-2739                   0000000000000002739400000000002               012739      16021200000000144000000000012N300112120000000000000480000000000000000000000000000000000000000000000209263012000183Fundo de Investimento em Direitos CreditAvenida Paulista ,1499-19º. Andar                   01311200                                                            000022
1                   000902692011248461-2740                   0000000000000002740800000000002               012740      09021200000000082000000000012N300112120000000000000270000000000000000000000000000000000000000000000200360305267887104 Caixa Econômica Federal             Rua São Joaquim, 69 - 5º andar,69-5º And            01508000                                                            000023
1                   000902692011248461-2741                   0000000000000002741600000000002               012741      09021200000000115000000000012N300112120000000000000380000000000000000000000000000000000000000000000203723171000137E Cunha Consultoria Empresarial Ltda.   Rua Nova York ,959                                  04560002                                                            000024
1                   000902692011248461-2742                   0000000000000002742400000000002               012742      09021200000000180000000000012N300112120000000000000600000000000000000000000000000000000000000000000208679884000164FARES HALABIYAH JUNIOR - ME             Rua Itinguçu ,2413                                  03658001                                                            000025
1                   000902692011248461-2743                   0000000000000002743200000000002               012743      09021200000000418800000000012N300112120000000000001400000000000000000000000000000000000000000000000253283180000122Tesheiner Cavassani e Giacomazi AdvogadoRua João Adolfo,118-Conj. 405                       01050020                                                            000026
1                   000902692011248461-2744                   0000000000000002744000000000002               012744      31011200000045000000000000012N300112000000000000000000000000000000000000000000000000000000000000000100093256094520SHEILA BEATRIZ SAMPAIO PEREIRA          RUA JOSE MORTARI, 82                                09424400                                                            000027
1                   000902692011248461-2745                   0000000000000002745900000000002               012745      10021200000015000000000000012N300112000000000000000000000000000000000000000000000000000000000000000100022790888353LUCIANO MENDES DE OLIVEIRA LOPES        RUA OTAVIANO PESSOA MONTEIRO, 426 AP 202            53130340                                                            000028
1                   000902692011248461-2746                   0000000000000002746700000000002               012746      10031200000015000000000000012N300112000000000000000000000000000000000000000000000000000000000000000100022790888353LUCIANO MENDES DE OLIVEIRA LOPES        RUA OTAVIANO PESSOA MONTEIRO, 426 AP 202            53130340                                                            000029
1                   000902692011248461-2640                   0000000000000002640100000000002               022640      16021200000010000000000000012N110112000000000000000000000000000000000000000000000000000000000000000100007677272746LUIS FELIPE CORREA                      RUA SILVA JARDIM, 310                               25615203                                                            000030
1                   000902692011248461-2641                   0000000000000002641P00000000002               022641      16031200000010000000000000012N110112000000000000000000000000000000000000000000000000000000000000000100007677272746LUIS FELIPE CORREA                      RUA SILVA JARDIM, 310                               25615203                                                            000031
1                   000902692011248461-2669                   0000000000000002669P00000000002               022669      23011200000010000000000000012N170112000000000000000000000000000000000000000000000000000000000000000100007677272746LUIS FELIPE CORREA                      RUA SILVA JARDIM, 310                               25615203                                                            000032
1                   000902692011248461-2522                   0000000000000002522700000000002               022522      23011200000012000000000000012N291211000000000000000000000000000000000000000000000000000000000000000100024559520291ROGERIO ALENCAR RAMOS                   RUA S-5, 440 APTO 1402 EDIFICIO BENEVILL            74823460                                                            000033
1                   000902692011248461-2608                   0000000000000002608800000000002               022608      16011200000000056000000000012N050112120000000000010000000000000000000000000000000000000000000000000100000950617890Marcia Regina Coutinho                  Rua Fábia,138-ap-232A                               05051030                                                            000034
1                   000902692011248461-2688                   0000000000000002688600000000002               022688      23011200000014000000000000012N190112000000000000000000000000000000000000000000000000000000000000000100008725393693JOAO RICARDO MELO AVELAR                RUA ARMANDO LOMBARDI, 128 CASA 02                   38400000                                                            000035
1                   000902692011248461-2690                   0000000000000002690800000000002               312690      15031200000015000000000000012N190112000000000000000000000000000000000000000000000000000000000000000100008725393693JOAO RICARDO MELO AVELAR                RUA ARMANDO LOMBARDI, 128 CASA 02                   38400000                                                            000036
1                   000902692011248461-2690                   0000000000000002690800000000002               062690      15031200000015000000000000012N190112000000000000000000000000000000000000000000000000000000000000000100008725393693JOAO RICARDO MELO AVELAR                RUA ARMANDO LOMBARDI, 128 CASA 02                   38400000                                                            000037
1                   000902692011248461-2691                   0000000000000002691600000000002               062691      15041200000015000000000000012N190112000000000000000000000000000000000000000000000000000000000000000100008725393693JOAO RICARDO MELO AVELAR                RUA ARMANDO LOMBARDI, 128 CASA 02                   38400000                                                            000038
1                   000902692011248461-2691                   0000000000000002691600000000002               312691      15041200000015000000000000012N190112000000000000000000000000000000000000000000000000000000000000000100008725393693JOAO RICARDO MELO AVELAR                RUA ARMANDO LOMBARDI, 128 CASA 02                   38400000                                                            000039
1                   000902692011248461-2417                   0000000000000002417400000000002               022417      30121100000000196000000000012N071211120000000000010000000000000000000000000000000000000000000000000290400888000142353 Banco Santander Brasil S.A.         Avenida Interlagos,3501-Bl. 10 – Térreo             04661300                                                            000040
1                   000902692011248461-2521                   0000000000000002521900000000002               022521      03021200000008000000000000012N291211000000000000000000000000000000000000000000000000000000000000000100024559520291ROGERIO ALENCAR RAMOS                   RUA S-5, 440 APTO 1402 EDIFICIO BENEVILL            74823460                                                            000041
1                   000902692011248461-2686                   0000000000000002686P00000000002               062686      06021200000060000000000000012N190112000000000000000000000000000000000000000000000000000000000000000100081140142534CARLOS GREGORIO SALOMAO PEREIRA         RUA ANTONIO PASSOS, 149 APTO 501                    40230106                                                            000042
1                   000902692011248461-2675                   0000000000000002675400000000002               022675      30011200000000179000000000012N180112120000000000010000000000000000000000000000000000000000000000000100015380501885JOAO MARQUES DO NASCIMENTO              Rua São José da cantareira,028                      02378270                                                            000043
9                                                                                                                                                                                                                                                                                                                                                                                                         000044