01REMESSA01COBRANCA       00000000000004130991SISTEMA DE CARTóRIO CERTIDõES 237BRADESCO       311011        MX0000463                                                                                                                                                                                                                                                                                     000001
1                   000902692011248461-2032                   0000000000000002032200000000002               012032      18111100000004501030000000012N311011120000000000015000000000000000000000000000000000000000000000000292894922000108BANCO MATONE (Núcleo Consignado RJ - MatAvenida Rio Branco,115-18º andar                    20040004                                                            000002
1                   000902692011248461-2033                   0000000000000002033000000000002               012033      15111100000030000000000000012N311011000000000000000000000000000000000000000000000000000000000000000100063453428234THAIS VIVIANE AMORIM FONSECA            AV. ATAIDE TEIVE, 1433                              69304360                                                            000003
1                   000902692011248461-2034                   0000000000000002034900000000002               012034      15121100000015000000000000012N311011000000000000000000000000000000000000000000000000000000000000000100063453428234THAIS VIVIANE AMORIM FONSECA            AV. ATAIDE TEIVE, 1433                              69304360                                                            000004
1                   000902692011248461-2035                   0000000000000002035700000000002               012035      15011200000015000000000000012N311011000000000000000000000000000000000000000000000000000000000000000100063453428234THAIS VIVIANE AMORIM FONSECA            AV. ATAIDE TEIVE, 1433                              69304360                                                            000005
1                   000902692011248461-2036                   0000000000000002036500000000002               012036      15111100000005000000000000012N311011000000000000000000000000000000000000000000000000000000000000000100063453428234THAIS VIVIANE AMORIM FONSECA            AV. ATAIDE TEIVE, 1433                              69304360                                                            000006
1                   000902692011248461-2037                   0000000000000002037300000000002               012037      10111100000000173340000000012N311011120000000000000580000000000000000000000000000000000000000000000205888414000112CREAÇÕES MX FASHION LIMITADA            Rua Aimorés,210                                     01122010                                                            000007
1                   000902692011248461-2038                   0000000000000002038100000000002               012038      10111100000000368620000000012N311011120000000000001230000000000000000000000000000000000000000000000253283180000122Tesheiner Cavassani e Giacomazi AdvogadoRua João Adolfo,118-Conj. 405                       01050020                                                            000008
1                   000902692011248461-2039                   0000000000000002039P00000000002               012039      10111100000000576970000000012N311011120000000000001920000000000000000000000000000000000000000000000253283180000122Tesheiner Cavassani e Giacomazi AdvogadoRua João Adolfo,118-Conj. 405                       01050020                                                            000009
1                   000902692011248461-2040                   0000000000000002040300000000002               012040      10111100000000329820000000012N311011120000000000001100000000000000000000000000000000000000000000000253283180000122Tesheiner Cavassani e Giacomazi AdvogadoRua João Adolfo,118-Conj. 405                       01050020                                                            000010
1                   000902692011248461-2041                   0000000000000002041100000000002               012041      10111100000000373000000000012N311011120000000000001240000000000000000000000000000000000000000000000253283180000122Tesheiner Cavassani e Giacomazi AdvogadoRua João Adolfo,118-Conj. 405                       01050020                                                            000011
1                   000902692011248461-2042                   0000000000000002042P00000000002               012042      10111100000000140000000000012N311011120000000000000470000000000000000000000000000000000000000000000262232889000190Banco Daycoval S/A                      Avenida Paulista,1793-02º Andar                     01311200                                                            000012
1                   000902692011248461-2043                   0000000000000002043800000000002               012043      10111100000000174000000000012N311011120000000000000580000000000000000000000000000000000000000000000203723171000137E Cunha Consultoria Empresarial Ltda.   Rua Nova York ,959                                  04560002                                                            000013
1                   000902692011248461-2044                   0000000000000002044600000000002               012044      10111100000000150000000000012N311011120000000000000500000000000000000000000000000000000000000000000253283180000122Tesheiner Cavassani e Giacomazi AdvogadoRua João Adolfo,118-Conj. 405                       01050020                                                            000014
1                   000902692011248461-2045                   0000000000000002045400000000002               012045      10111100000000290000000000012N311011120000000000000970000000000000000000000000000000000000000000000200360305157356104 Caixa Econômica Federal             Avenida Industrial,,600-1º andar, sala 1            09080500                                                            000015
1                   000902692011248461-2046                   0000000000000002046200000000002               012046      10111100000000142000000000012N311011120000000000000470000000000000000000000000000000000000000000000100031168064899JUSCILENE SARAIVA SOARES                Rua Tiradentes,106-casa 02 / fundos                 07500000                                                            000016
1                   000902692011248461-2047                   0000000000000002047000000000002               012047      10111100000000140000000000012N311011120000000000000470000000000000000000000000000000000000000000000258616418000108Banco Fibra S/A                         Avenida Presidente Juscelino Kubitschek             04543000                                                            000017
1                   000902692011248461-1965                   0000000000000001965000000000002               021965      31101100000000110000000000012N191011120000000000010000000000000000000000000000000000000000000000000258616418000108Banco Fibra S/A                         Avenida Presidente Juscelino Kubitschek,            04543000                                                            000018
1                   000902692011248461-1958                   0000000000000001958800000000002               021958      28101100000000144000000000012N181011120000000000010000000000000000000000000000000000000000000000000258616418000108Banco Fibra S/A                         Avenida Presidente Juscelino Kubitschek,            04543000                                                            000019
1                   000902692011248461-1949                   0000000000000001949900000000002               311949      01111100000000163240000000012N141011120000000000010000000000000000000000000000000000000000000000000200360305267887104 Caixa Econômica Federal             Rua São Joaquim ,69-5º andar                        01508001                                                            000020
1                   000902692011248461-1949                   0000000000000001949900000000002               061949      01111100000000163240000000012N141011120000000000010000000000000000000000000000000000000000000000000200360305267887104 Caixa Econômica Federal             Rua São Joaquim ,69-5º andar                        01508001                                                            000021
9                                                                                                                                                                                                                                                                                                                                                                                                         000022