01REMESSA01COBRANCA       00000000000004130991SISTEMA DE CARTóRIO CERTIDõES 237BRADESCO       310311        MX0000340                                                                                                                                                                                                                                                                                     000001
1                   000902692011248461-326                    0000000000000000326600000000002               01326       30031100000015000000000000012N300311060500000000000000000000000000000000000000000000000000000000000100010304744867VERA PEDRO DE OLIVEIRA                  R PEDRO MARQUES LEAO, 2030 OURINHOS                 19907010                                                            000002
1                   000902692011248461-327                    0000000000000000327400000000002               01327       09041100000000060000000000012N300311000000000000010000000000000000000000000000000000000000000000000208472787000104LC 15 COMERCIO E CONFECÇÕES LTDA - ME   Rua da Juta,369                                     03010010                                                            000003
1                   000902692011248461-328                    0000000000000000328200000000002               01328       09041100000000060000000000012N300311000000000000010000000000000000000000000000000000000000000000000100018675948891GERALDO ALOISIO BORGES TAVARES          Rua Anatalícia Ferreira Silva (Jd C Líba            04710060                                                            000004
1                   000902692011248461-329                    0000000000000000329000000000002               01329       09041100000000471360000000012N300311000000000000010000000000000000000000000000000000000000000000000100016874836803MARCO ANTONIO VISTUE DOS SANTOS         Rua Henrique Dias,239 e 263                         03009020                                                            000005
1                   000902692011248461-330                    0000000000000000330400000000002               01330       09041100000000090000000000012N300311000000000000010000000000000000000000000000000000000000000000000100080101186800FRANCISCA AUREA MORERA                  Rua Guaianazes,292                                  11703160                                                            000006
1                   000902692011248461-331                    0000000000000000331200000000002               01331       09041100000000144000000000012N300311000000000000010000000000000000000000000000000000000000000000000100022665758806SONIA MARIA DOS SANTOS                  Avenida Thomás Morgan,03                            04852222                                                            000007
1                   000902692011248461-332                    0000000000000000332000000000002               01332       09041100000000100000000000012N300311000000000000010000000000000000000000000000000000000000000000000203586507000167J. A. Rezende advogados associados      Rua: Libero Badaró, ,471-17° ANDAR                  01009903                                                            000008
1                   000902692011248461-333                    0000000000000000333900000000002               01333       09041100000000150000000000012N300311000000000000010000000000000000000000000000000000000000000000000201701201034598399 HSBC Bank Brasil S.A. - Banco MultipRua da Mooca,2095                                   03103001                                                            000009
1                   000902692011248461-334                    0000000000000000334700000000002               01334       09041100000000180000000000012N300311000000000000010000000000000000000000000000000000000000000000000200360305167904104 Caixa Econômica Federal             Avenida Paulista,,302                               01310000                                                            000010
1                   000902692011248461-335                    0000000000000000335500000000002               01335       09041100000000070000000000012N300311000000000000010000000000000000000000000000000000000000000000000100014656745863Osvaldo DAttilio Cozeniosqui            Rua Barão de Duprat,157                             01023001                                                            000011
1                   000902692011248461-336                    0000000000000000336300000000002               01336       09041100000000100000000000012N300311000000000000010000000000000000000000000000000000000000000000000253283180000122Tesheiner Cavassani e Giacomazi AdvogadoRua João Adolfo,118-Conj. 405                       01050020                                                            000012
1                   000902692011248461-337                    0000000000000000337100000000002               01337       10041100000000078200000000012N310311000000000000010000000000000000000000000000000000000000000000000200360305267887104 Caixa Econômica Federal             Rua São Joaquim ,69-5º andar                        01508001                                                            000013
1                   000902692011248461-338                    0000000000000000338P00000000002               01338       10041100000000689500000000012N310311000000000000010000000000000000000000000000000000000000000000000200360305025441104 Caixa Econômica Federal             Rua Joaquim Floriano ,446                           04534002                                                            000014
1                   000902692011248461-299                    0000000000000000299500000000002               02299       03041100000000090000000000012N240311000000000000010000000000000000000000000000000000000000000000000100010196237807MARIA YEMIKO TAKARA                     Rua Missão Velha,115                                03249040                                                            000015
1                   000902692011248461-169                    0000000000000000169700000000002               02169       14031100000001063800000000012N040311000000000000010000000000000000000000000000000000000000000000000207058096000198ANA PELLEGRINI ADVOGADOS ASSOCIADOS     Avenida Paulista,1159-7º andar - conjs.             01311200                                                            000016
1                   000902692011248461-283                    0000000000000000283900000000002               02283       02041100000000120000000000012N230311000000000000010000000000000000000000000000000000000000000000000212551876000105GOULART SOCIEDADE DE ADVOGADOS   (CLARICRua João Cachoeira ,488-CJ 408 / 409  4°            04535011                                                            000017
1                   000902692011248461-250                    0000000000000000250200000000002               06250       31031100000000078200000000012N180311000000000000010000000000000000000000000000000000000000000000000200360305267887104 Caixa Econômica Federal             Rua São Joaquim ,69-5º andar                        01508001                                                            000018
1                   000902692011248461-252                    0000000000000000252900000000002               06252       31031100000000078200000000012N180311000000000000010000000000000000000000000000000000000000000000000200360305267887104 Caixa Econômica Federal             Rua São Joaquim ,69-5º andar                        01508001                                                            000019
1                   000902692011248461-251                    0000000000000000251000000000002               06251       31031100000000078200000000012N180311000000000000010000000000000000000000000000000000000000000000000200360305267887104 Caixa Econômica Federal             Rua São Joaquim ,69-5º andar                        01508001                                                            000020
1                   000902692011248461-257                    0000000000000000257P00000000002               06257       31031100000000085600000000012N180311000000000000010000000000000000000000000000000000000000000000000200360305267887104 Caixa Econômica Federal             Rua São Joaquim ,69-5º andar                        01508001                                                            000021
1                   000902692011248461-239                    0000000000000000239100000000002               06239       31031100000000078200000000012N170311000000000000010000000000000000000000000000000000000000000000000200360305267887104 Caixa Econômica Federal             Rua São Joaquim ,69-5º andar                        01508001                                                            000022
1                   000902692011248461-245                    0000000000000000245600000000002               06245       31031100000000260000000000012N180311000000000000010000000000000000000000000000000000000000000000000200360305267887104 Caixa Econômica Federal             Rua São Joaquim,69-5º andar                         01508000                                                            000023
9                                                                                                                                                                                                                                                                                                                                                                                                         000024