01REMESSA01COBRANCA       00000000000004130991SISTEMA DE CARTÛRIO CERTIDıES 237BRADESCO       310811        MX0000432                                                                                                                                                                                                                                                                                     000001
1                   000902692011248461-1489                   0000000000000001489600000000002               061489      20091100000000100000000000012N260811120000000000010000000000000000000000000000000000000000000000000209263012000183Fundo de Investimento em Direitos CreditAvenida Paulista,1499-19∫. Andar                    01311200                                                            000002
1                   000902692011248461-1497                   0000000000000001497700000000002               021497      08091100000000180000000000012N290811120000000000010000000000000000000000000000000000000000000000000100014730890850NEIDE  APARECIDA                        Avenida Coronel Manuel Py,71-Casa 5                 02442090                                                            000003
1                   000902692011248461-1500                   0000000000000001500000000000002               311500      13091100000000600000000000012N290811120000000000010000000000000000000000000000000000000000000000000233479023000180BANCO CITIBANK S.A                      Avenida Paulista, n∫ 1.111, 2∫ andar,1.1            01311920                                                            000004
1                   000902692011248461-1500                   0000000000000001500000000000002               061500      13091100000000600000000000012N290811120000000000010000000000000000000000000000000000000000000000000233479023000180BANCO CITIBANK S.A                      Avenida Paulista, n∫ 1.111, 2∫ andar,1.1            01311920                                                            000005
1                   000902692011248461-1501                   0000000000000001501900000000002               311501      13091100000000200000000000012N290811120000000000010000000000000000000000000000000000000000000000000233479023000180BANCO CITIBANK S.A                      Avenida Paulista, ,1.111-2∫ andar                   01311920                                                            000006
1                   000902692011248461-1501                   0000000000000001501900000000002               061501      13091100000000200000000000012N290811120000000000010000000000000000000000000000000000000000000000000233479023000180BANCO CITIBANK S.A                      Avenida Paulista, ,1.111-2∫ andar                   01311920                                                            000007
1                   000902692011248461-1502                   0000000000000001502700000000002               311502      13091100000000400000000000012N290811120000000000010000000000000000000000000000000000000000000000000233479023000180BANCO CITIBANK S.A                      Avenida Paulista, n∫ 1.111, 2∫ andar,1.1            01311920                                                            000008
1                   000902692011248461-1502                   0000000000000001502700000000002               061502      13091100000000400000000000012N290811120000000000010000000000000000000000000000000000000000000000000233479023000180BANCO CITIBANK S.A                      Avenida Paulista, n∫ 1.111, 2∫ andar,1.1            01311920                                                            000009
9                                                                                                                                                                                                                                                                                                                                                                                                         000010