01REMESSA01COBRANCA       00000000000004130991SISTEMA DE CARTóRIO CERTIDõES 237BRADESCO       030414        MX0000708                                                                                                                                                                                                                                                                                     000001
1                   000902692011248461-9787                   0000000000000009787200000000002               019787      13041400000000120000000000012N030414120000000000000400000000000000000000000000000000000000000000000253283180000122Tesheiner Cavassani e Giacomazi AdvogadoRua João Adolfo,118-Conj. 405                       01050020                                                            000002
1                   000902692011248461-9788                   0000000000000009788000000000002               019788      11041400000025000000000000012N030414000000000000000000000000000000000000000000000000000000000000000100051733536787JAIR NEVES AREAS                        AV PASTEUR, 104 APT 701                             22290240Taxa de Franquia - Copacabana/RJ 1ª parc.                   000003
1                   000902692011248461-9789                   0000000000000009789900000000002               019789      11051400000025000000000000012N030414000000000000000000000000000000000000000000000000000000000000000100051733536787JAIR NEVES AREAS                        AV PASTEUR, 104 APT 701                             22290240Taxa de Franquia - Copacabana/RJ 2ª parc.                   000004
1                   000902692011248461-9790                   0000000000000009790200000000002               019790      13041400000000100000000000012N030414120000000000000330000000000000000000000000000000000000000000000200360305025441104 Caixa Econômica Federal             RUA: Joaquim Floriano, 446,446                      04534002                                                            000005
9                                                                                                                                                                                                                                                                                                                                                                                                         000006