01REMESSA01COBRANCA       00000000000004130991SISTEMA DE CARTÛRIO CERTIDıES 237BRADESCO       031214        MX0000749                                                                                                                                                                                                                                                                                     000001
1                   000902692011248461-12890                  0000000000000012890500000000002               0112890     29111400000001382450000000012N191114120000000000004610000000000000000000000000000000000000000000000205437753000182INTERCON ENGENHARIA DE SERVI«O LTDA     Rua Jo„o Cordeiro,111                               02960000                                                            000002
1                   000902692011248461-12891                  0000000000000012891300000000002               0112891     29111400000000130000000000012N1911141200000000000004300000000000000000000000000000000000000000000002000000006731881 Banco do Brasil S.A.                  Rua ItinguÁu ,670                                   03658000                                                            000003
1                   000902692011248461-12892                  0000000000000012892100000000002               0112892     04121400000000500000000000012N241114120000000000001670000000000000000000000000000000000000000000000262232889000190Banco Daycoval S/A                      Avenida Paulista ,1793-02∫ Andar                    01311200                                                            000004
1                   000902692011248461-12893                  0000000000000012893P00000000002               0112893     04121400000000450000000000012N241114120000000000001500000000000000000000000000000000000000000000000262232889000190Banco Daycoval S/A                      Avenida Paulista ,1793-02∫ Andar                    01311200                                                            000005
1                   000902692011248461-12894                  0000000000000012894800000000002               0112894     04121400000000176000000000012N241114120000000000000590000000000000000000000000000000000000000000000260746948288620237 Banco Bradesco S.A.                 Av Comendador Sant`anna,,1154                       05866000                                                            000006
1                   000902692011248461-12895                  0000000000000012895600000000002               0112895     26111400000001600000000000012N241114000000000000000000000000000000000000000000000000000000000000000216615091000100MEG INTERMEDIA«√O CARTOR¡RIA            Av. 13, 625                                         13500340NegociaÁ„o de Royalties                                     000007
1                   000902692011248461-12896                  0000000000000012896400000000002               0112896     04121400000000748600000000012N241114120000000000002500000000000000000000000000000000000000000000000262232889000190Banco Daycoval S/A                      Avenida Paulista ,1793-02∫ Andar                    01311200                                                            000008
1                   000902692011248461-12897                  0000000000000012897200000000002               0112897     04121400000000100000000000012N241114120000000000000330000000000000000000000000000000000000000000000200360305025441104 Caixa EconÙmica Federal             Rua Joaquim Floriano,446                            04534002                                                            000009
1                   000902692011248461-12898                  0000000000000012898000000000002               0112898     04121400000000200000000000012N241114120000000000000670000000000000000000000000000000000000000000000200360305025441104 Caixa EconÙmica Federal             Rua Joaquim Floriano,446                            04534002                                                            000010
1                   000902692011248461-12899                  0000000000000012899900000000002               0112899     05121400000000050000000000012N251114120000000000000170000000000000000000000000000000000000000000000260746948288620237 Banco Bradesco S.A.                 Av Comendador Sant`anna,,1154                       05866000                                                            000011
1                   000902692011248461-12900                  0000000000000012900600000000002               0112900     06121400000000260000000000012N261114120000000000000870000000000000000000000000000000000000000000000210377191000169ACM ASSESSORIA CONTABIL LTDA            Avenida Capit„o M·rio Toledo de Camargo,            09170150                                                            000012
1                   000902692011248461-12901                  0000000000000012901400000000002               0112901     06121400000000200000000000012N261114120000000000000670000000000000000000000000000000000000000000000262232889000190Banco Daycoval S/A                      Avenida Paulista ,1793-02∫ Andar                    01311200                                                            000013
1                   000902692011248461-12902                  0000000000000012902200000000002               0112902     06121400000000200000000000012N261114120000000000000670000000000000000000000000000000000000000000000262232889000190Banco Daycoval S/A                      Avenida Paulista ,1793-02∫ Andar                    01311200                                                            000014
1                   000902692011248461-12903                  0000000000000012903000000000002               0112903     28111400000002881350000000012N271114000000000000000000000000000000000000000000000000000000000000000216942432000151Kice ServiÁos Administrativos Ltda - ME Av. Princesa Isabel, 256                            09310010Royalties 01, 02 e 03/14                                    000015
1                   000902692011248461-12904                  0000000000000012904900000000002               0112904     08121400000000244300000000012N021214000000000000000810000000000000000000000000000000000000000000000111029315000188SUZAN CART CERTIDOES LTDA - ME          Rua Gal. Francisco GlicÈrio,1185                    08674003Protesto apÛs 5 dias                                        000016
1                   000902692011248461-12905                  0000000000000012905700000000002               0112905     08121400000000321300000000012N021214000000000000001070000000000000000000000000000000000000000000000111163439000151RF-SERVICOS DE DOCUMENTACAO LTDA.       Av. Mal. Castelo Branco,173-A                       65076090Protesto apÛs 5 dias                                        000017
1                   000902692011248461-12906                  0000000000000012906500000000002               0112906     08121400000001800000000000012N021214000000000000006000000000000000000000000000000000000000000000000110999668000148ASSESSORIA E CONSULTORIA DE DOCUMENTOS ER. Leopoldo Machado,242-Loja 02                     18035075Protesto apÛs 5 dias                                        000018
1                   000902692011248461-12907                  0000000000000012907300000000002               0112907     08121400000001300000000000012N021214000000000000004330000000000000000000000000000000000000000000000111165549000152D¥ VASQUEZ SERVI«OS CARTORARIOS LTDA - EAv. Dr. Jo„o Guilhermino,293                        12210131Protesto apÛs 5 dias                                        000019
1                   000902692011248461-12908                  0000000000000012908100000000002               0112908     08121400000000500000000000012N021214000000000000001670000000000000000000000000000000000000000000000111144435000126DOCK STATION INTERMEDIA«√O CARTOR¡RIA LTRua da Quitanda,20-4∫ andar ñ Sala 401              20011972Protesto apÛs 5 dias                                        000020
1                   000902692011248461-12909                  0000000000000012909P00000000002               0112909     08121400000001000000000000012N021214000000000000003330000000000000000000000000000000000000000000000114816778000188Oliveira IntermediaÁ„o Cartor·ria LTDA MRua Delfino Cintra,500 AxB                          13020100Protesto apÛs 5 dias                                        000021
1                   000902692011248461-12910                  0000000000000012910300000000002               0112910     08121400000000500000000000012N021214000000000000001670000000000000000000000000000000000000000000000111253279000131¡GAPE SERVI«OS E INTERMEDIA«’ES CARTOR¡RR. Gov. Pedro de Toledo,569                         13400070Protesto apÛs 5 dias                                        000022
1                   000902692011248461-12911                  0000000000000012911100000000002               0112911     08121400000001000000000000012N021214000000000000003330000000000000000000000000000000000000000000000106058057000128CTPOST SERVI«OS LTDA ME                 R. Chaves Barcelos,131                              90030120Protesto apÛs 5 dias                                        000023
1                   000902692011248461-12912                  0000000000000012912P00000000002               0112912     08121400000000013000000000012N021214000000000000000040000000000000000000000000000000000000000000000113238744000190ARCHANJO TEIXEIRA PREPARA«√O DE DOCUMENTAv. Brasil,1586-Loja 06                             30140003Protesto apÛs 5 dias                                        000024
1                   000902692011248461-12913                  0000000000000012913800000000002               0112913     08121400000000015500000000012N021214000000000000000050000000000000000000000000000000000000000000000111564744000155SARAIVA¥S CONSULTORIA EMPRESARIAL LTDA  Rua Prefeito JosÈ Santana Trigueiro,183             32604188Protesto apÛs 5 dias                                        000025
1                   000902692011248461-12914                  0000000000000012914600000000002               0112914     08121400000000500000000000012N021214000000000000001670000000000000000000000000000000000000000000000111479061000108ANDRADE SOARES LOPES LTDA               Rua Lehar David,05                                  45000445Protesto apÛs 5 dias                                        000026
1                   000902692011248461-12915                  0000000000000012915400000000002               0112915     08121400000000008360000000012N021214000000000000000030000000000000000000000000000000000000000000000111777632000182CFN ASSESSORIA EM DOCUMENTOS LTDA       R Prefeito Carlos JosÈ Carlson,226-CJ 01            09450000Protesto apÛs 5 dias                                        000027
1                   000902692011248461-12916                  0000000000000012916200000000002               0112916     08121400000000500000000000012N021214000000000000001670000000000000000000000000000000000000000000000111222886000134ELIDA ASSESSORIA EMPRESARIAL LTDA       R. Neo Alves Martins,2955-Sala 03                   87013060Protesto apÛs 5 dias                                        000028
1                   000902692011248461-12917                  0000000000000012917000000000002               0112917     08121400000000665700000000012N021214000000000000002220000000000000000000000000000000000000000000000111834699000101REGIS ORLANDINI ASSESSORIA CARTORARIA LTAv. Jo„o Naves de ¡vila,81                          38400600Protesto apÛs 5 dias                                        000029
1                   000902692011248461-12918                  0000000000000012918900000000002               0112918     08121400000000500000000000012N021214000000000000001670000000000000000000000000000000000000000000000119762311000116J. LOPES - ME                           Rua Afonso Pena,5-47                                17060250Protesto apÛs 5 dias                                        000030
1                   000902692011248461-12919                  0000000000000012919700000000002               0112919     08121400000000500000000000012N021214000000000000001670000000000000000000000000000000000000000000000111838860000115M.L. CARDOSO - PRESTA«√O DE SERVI«OS - ERua Luiz Pereira Barreto,304                        16010320Protesto apÛs 5 dias                                        000031
1                   000902692011248461-12920                  0000000000000012920000000000002               0112920     08121400000000500000000000012N021214000000000000001670000000000000000000000000000000000000000000000118433773000127MUZETI ASSESSORIA CARTORARIA LTDA ME    Rua 20,1022                                         14780070Protesto apÛs 5 dias                                        000032
1                   000902692011248461-12921                  0000000000000012921900000000002               0112921     08121400000000500000000000012N021214000000000000001670000000000000000000000000000000000000000000000119450025000115SAITO & SAITO ASSESSORIA E SERVI«OS LTDAAv. Francisco de Paula Leite,1699                   13344325Protesto apÛs 5 dias                                        000033
1                   000902692011248461-12922                  0000000000000012922700000000002               0112922     08121400000000500000000000012N021214000000000000001670000000000000000000000000000000000000000000000112443155000181ASSESSORIA E CONSULTORIA CARTORARIA DE DRua Santa Cruz,652                                  13300090Protesto apÛs 5 dias                                        000034
1                   000902692011248461-12923                  0000000000000012923500000000002               0112923     08121400000000500000000000012N021214000000000000001670000000000000000000000000000000000000000000000112632803000148RUBIANA SERVI«OS DE CARTORIO, CERTID’ES Rua das Esmeraldas,186                              09920520Protesto apÛs 5 dias                                        000035
1                   000902692011248461-12924                  0000000000000012924300000000002               0112924     08121400000000500000000000012N021214000000000000001670000000000000000000000000000000000000000000000102248702000114MOURA E MENEZES SERVI«OS ADMINISTRATIVOSRua Dr. Curvelo Cavalcante,189-Loja 101             23810201Protesto apÛs 5 dias                                        000036
1                   000902692011248461-12925                  0000000000000012925100000000002               0112925     08121400000000500000000000012N021214000000000000001670000000000000000000000000000000000000000000000111619454000161ASSESSORIA CARTOR¡RIA DO NORDESTE LTDA  Rua AntÙnio de Castro,114-LJ 05                     52070080Protesto apÛs 5 dias                                        000037
1                   000902692011248461-12926                  0000000000000012926P00000000002               0112926     08121400000000500000000000012N021214000000000000001670000000000000000000000000000000000000000000000112572498000146Alphacentral Documentos e ServiÁos LTDA Rua Cel. Siqueira de Moraes,125/127                 13201032Protesto apÛs 5 dias                                        000038
1                   000902692011248461-12927                  0000000000000012927800000000002               0112927     08121400000000500000000000012N021214000000000000001670000000000000000000000000000000000000000000000121117773000122JR CONSULTORIA INTERMEDIACAO CARTORARIA Rua Visconde de Sepetiba,935-SL 625                 24020206Protesto apÛs 5 dias                                        000039
1                   000902692011248461-12928                  0000000000000012928600000000002               0112928     08121400000000318850000000012N021214000000000000001060000000000000000000000000000000000000000000000112139078000170RW MARIZ ESTRUTURA CARTORAL LTDA        Av Epit·cio Pessoa,475-Sala 05                      58030906Protesto apÛs 5 dias                                        000040
1                   000902692011248461-12929                  0000000000000012929400000000002               0112929     08121400000000900000000000012N021214000000000000003000000000000000000000000000000000000000000000000113133167000172G I CART SERVI«OS ORGANIZACIONAIS LTDA  Rua dos Marianos,132                                06016050Protesto apÛs 5 dias                                        000041
1                   000902692011248461-12930                  0000000000000012930800000000002               0112930     08121400000000022910000000012N021214000000000000000080000000000000000000000000000000000000000000000113287999000143ASSESSORIA CARTOR¡RIA P¡DUA LTDA        Rua Tiradentes,112-SL 201                           28300000Protesto apÛs 5 dias                                        000042
1                   000902692011248461-12931                  0000000000000012931600000000002               0112931     08121400000000049150000000012N021214000000000000000160000000000000000000000000000000000000000000000113321680000197Ana Claudia Barbiere Alves Ferreira - MEAv. Brasil,326                                      14801050Protesto apÛs 5 dias                                        000043
1                   000902692011248461-12932                  0000000000000012932400000000002               0112932     08121400000000010500000000012N021214000000000000000040000000000000000000000000000000000000000000000113585685000127ASSESSORIA CARTOR¡RIA LIMEIRA LTDA ME   Rua Deputado Octavio Lopes,304 B                    13480021Protesto apÛs 5 dias                                        000044
1                   000902692011248461-12933                  0000000000000012933200000000002               0112933     08121400000000125750000000012N021214000000000000000420000000000000000000000000000000000000000000000113406670000154RODRIGUES E VIEIRA LTDA.                104 SUL RUA SE 05 LOTE 23 | AC JK CAIXA             77006970Protesto apÛs 5 dias                                        000045
1                   000902692011248461-12934                  0000000000000012934000000000002               0112934     08121400000000500000000000012N021214000000000000001670000000000000000000000000000000000000000000000113743219000122Valentim e Silva ServiÁos               PraÁa AntÙnio Dias,584                              38700110Protesto apÛs 5 dias                                        000046
1                   000902692011248461-12935                  0000000000000012935900000000002               0112935     08121400000000300000000000012N021214000000000000001000000000000000000000000000000000000000000000000113433192000171CONSULT SERVICE ASSESSORIA CARTOR¡RIA LTRua Episcopal,1714-Loja 02                          13560570Protesto apÛs 5 dias                                        000047
1                   000902692011248461-12936                  0000000000000012936700000000002               0112936     08121400000000009950000000012N021214000000000000000030000000000000000000000000000000000000000000000113576355000175LEME ASSESSORIA E CONSULTORIA DE DOCUMENRua Prudente de Moraes,933                          13320160Protesto apÛs 5 dias                                        000048
1                   000902692011248461-12937                  0000000000000012937500000000002               0112937     08121400000000500000000000012N021214000000000000001670000000000000000000000000000000000000000000000113845551000106MACEDO & MELO INTERMEDIACOES CARTORARIASRUA LIZANDRO NOGUEIRA,1223-SALA 304                 64000200Protesto apÛs 5 dias                                        000049
1                   000902692011248461-12938                  0000000000000012938300000000002               0112938     08121400000000020800000000012N021214000000000000000070000000000000000000000000000000000000000000000113800899000179TEIXEIRA CARREIRO INTERMEDIACAO CARTORARRua Alan Kardec,50-SL 712                           27541290Protesto apÛs 5 dias                                        000050
1                   000902692011248461-12939                  0000000000000012939100000000002               0112939     08121400000000500000000000012N021214000000000000001670000000000000000000000000000000000000000000000114142222000153Araujo Oliveira Assessoria Cartoraria LTAv. Radial B,60-LJ 02                               42807380Protesto apÛs 5 dias                                        000051
1                   000902692011248461-12940                  0000000000000012940500000000002               0112940     08121400000000500000000000012N021214000000000000001670000000000000000000000000000000000000000000000114456232000163ALVES & UEMURA ASSESSORIA COMERCIAL E INRua Juscelino K. de Oliveira,710-LJ 02              37580000Protesto apÛs 5 dias                                        000052
1                   000902692011248461-12941                  0000000000000012941300000000002               0112941     08121400000000500000000000012N021214000000000000001670000000000000000000000000000000000000000000000115779004000197BONESSO & GIANETTI LTDA ME              Rua Nove de Julho,430-Lj 03 - Galeria de            13280000Protesto apÛs 5 dias                                        000053
1                   000902692011248461-12942                  0000000000000012942100000000002               0112942     08121400000000500000000000012N021214000000000000001670000000000000000000000000000000000000000000000111834699000292REGIS ORLANDINI ASSESSORIA CARTOR¡RIA EPPraÁa Manoel Bonito,65                              38440076Protesto apÛs 5 dias                                        000054
1                   000902692011248461-12943                  0000000000000012943P00000000002               0112943     08121400000000500000000000012N021214000000000000001670000000000000000000000000000000000000000000000115003436000101Via R·pida IntermediaÁ„o Cartor·ria LTDARua Vereador Juca Pena,10                           36400000Protesto apÛs 5 dias                                        000055
1                   000902692011248461-12944                  0000000000000012944800000000002               0112944     08121400000000500000000000012N021214000000000000001670000000000000000000000000000000000000000000000114467333000130Sirley Santos Niemic - ME               Av. Municipal,1779 A                                78250000Protesto apÛs 5 dias                                        000056
1                   000902692011248461-12945                  0000000000000012945600000000002               0112945     08121400000000500000000000012N021214000000000000001670000000000000000000000000000000000000000000000114567761000134ABEN INTERMEDIACAO CARTORARIA LTDA ME   Av. Leopoldino de Oliveira,4464-Ed. Diam            38060000Protesto apÛs 5 dias                                        000057
1                   000902692011248461-12946                  0000000000000012946400000000002               0112946     08121400000000500000000000012N021214000000000000001670000000000000000000000000000000000000000000000114547088000170SPEED FOX ASSESSORIA CARTORARIA LTDA ME Rua General Dionisio,410-LOJA                       25075095Protesto apÛs 5 dias                                        000058
1                   000902692011248461-12947                  0000000000000012947200000000002               0112947     08121400000000025500000000012N021214000000000000000090000000000000000000000000000000000000000000000114911193000147LOPES E LOPES INTERMEDIA√á√ÉO CARTOR√ÅRIRua Marechal Deodoro,444-loja 322                   36010904Protesto apÛs 5 dias                                        000059
1                   000902692011248461-12948                  0000000000000012948000000000002               0112948     08121400000000400000000000012N021214000000000000001330000000000000000000000000000000000000000000000115220454000226RENAULT ASSOCIADOS INTERMEDIACOES CARTORRua Benedito Valadares,520-LJ 03                    35660630Protesto apÛs 5 dias                                        000060
1                   000902692011248461-12949                  0000000000000012949900000000002               0112949     08121400000000500000000000012N021214000000000000001670000000000000000000000000000000000000000000000120019555000192SERV MASTER SERVICOS E LOGISTICA LTDA ñMRua Bar„o do Rio Branco,1089                        16200001Protesto apÛs 5 dias                                        000061
1                   000902692011248461-12950                  0000000000000012950200000000002               0112950     08121400000001000000000000012N021214000000000000003330000000000000000000000000000000000000000000000115447264000165CAMPDOC INTERMEDIA«√O CARTOR¡RIA LTDA ñ Av. Carlos de Ara˙jo Gobbi,325                      13034670Protesto apÛs 5 dias                                        000062
1                   000902692011248461-12951                  0000000000000012951000000000002               0112951     08121400000000500000000000012N021214000000000000001670000000000000000000000000000000000000000000000120603641000148GUARAPARI SERVICOS CARTORARIOS LTDA - MERua Roberto Calmon,140                              29200340Protesto apÛs 5 dias                                        000063
1                   000902692011248461-12952                  0000000000000012952900000000002               0112952     08121400000000500000000000012N021214000000000000001670000000000000000000000000000000000000000000000115328775000168Bagini e Okumura IntermediaÁıes Cartor·rRua Laurindo Borges,1494                            87303240Protesto apÛs 5 dias                                        000064
1                   000902692011248461-12953                  0000000000000012953700000000002               0112953     08121400000000500000000000012N021214000000000000001670000000000000000000000000000000000000000000000115776815000134RCA - PREST CART INTERMEDIA«√O CARTORARIRua Jo„o Caetano,185-LJ 103                         24710405Protesto apÛs 5 dias                                        000065
1                   000902692011248461-12954                  0000000000000012954500000000002               0112954     08121400000000500000000000012N021214000000000000001670000000000000000000000000000000000000000000000115523647000175TGD ASSESSORIA E CONSULTORIA LTDA       Rua Coronel Antonio Cardoso Pinto,34 A              37640000Protesto apÛs 5 dias                                        000066
1                   000902692011248461-12955                  0000000000000012955300000000002               0112955     08121400000000500000000000012N021214000000000000001670000000000000000000000000000000000000000000000116465255000160Tocantins IntermediaÁ„o Cartor·ria LTDA-RUA RODOVI¡RIA,193-SALA 01                          77805040Protesto apÛs 5 dias                                        000067
1                   000902692011248461-12956                  0000000000000012956100000000002               0112956     08121400000000500000000000012N021214000000000000001670000000000000000000000000000000000000000000000115731322000188MEIRELES SERVI«OS DE APOIO ADMINISTRATIVRua JosÈ Marcelino de Oliveira,374-BAIXO            67030170Protesto apÛs 5 dias                                        000068
1                   000902692011248461-12957                  0000000000000012957P00000000002               0112957     08121400000001000000000000012N021214000000000000003330000000000000000000000000000000000000000000000115803475000193PEDRO, BASTOS & JONES SERVI«OS ASMINISTRRua Duque de Caxias,01-SL 31                        28613060Protesto apÛs 5 dias                                        000069
1                   000902692011248461-12958                  0000000000000012958800000000002               0112958     08121400000000500000000000012N021214000000000000001670000000000000000000000000000000000000000000000115872523000103HEITOR PIGHINI BARBADO ME               Rua Senador JosÈ Bonif·cio,312-B                    13800060Protesto apÛs 5 dias                                        000070
1                   000902692011248461-12959                  0000000000000012959600000000002               0112959     08121400000000500000000000012N021214000000000000001670000000000000000000000000000000000000000000000118997889000199CP CAMPO GRANDE INTERMEDIACOES CARTORARIRua Amaral Costa,408-LJ 01                          23050260Protesto apÛs 5 dias                                        000071
1                   000902692011248461-12960                  0000000000000012960P00000000002               0112960     08121400000000500000000000012N021214000000000000001670000000000000000000000000000000000000000000000115566079000190Marins Consultoria e IntermediaÁ„o CartoAvenida Brasil,4140-Sala 13                         87503420Protesto apÛs 5 dias                                        000072
1                   000902692011248461-12961                  0000000000000012961800000000002               0112961     08121400000001000000000000012N021214000000000000003330000000000000000000000000000000000000000000000115703802000135Assecar Apoio Administrativo de MArilia Rua Carlos Gomes,343                                17501000Protesto apÛs 5 dias                                        000073
1                   000902692011248461-12962                  0000000000000012962600000000002               0112962     08121400000000500000000000012N021214000000000000001670000000000000000000000000000000000000000000000115723896000104Walter Shuji Kishi eireli-ME            Avenida Presidente Get˙io Vargas,2214-Lo            45990289Protesto apÛs 5 dias                                        000074
1                   000902692011248461-12963                  0000000000000012963400000000002               0112963     08121400000000500000000000012N021214000000000000001670000000000000000000000000000000000000000000000115665799000102OLIVEIRA E PEIXOTO LTDA                 Rua Barbosa de Sousa,25-SL 006 - Centro             45203640Protesto apÛs 5 dias                                        000075
1                   000902692011248461-12964                  0000000000000012964200000000002               0112964     08121400000000500000000000012N021214000000000000001670000000000000000000000000000000000000000000000116911487000102L & A INTERMEDIA«’ES CARTOR¡RIAS LTDA   Rua Marechal Deodoro,111                            48005020Protesto apÛs 5 dias                                        000076
1                   000902692011248461-12965                  0000000000000012965000000000002               0112965     08121400000000500000000000012N021214000000000000001670000000000000000000000000000000000000000000000116615091000100MEG INTERMEDIA«√O CARTOR¡RIA            Av. 13,625                                          13500340Protesto apÛs 5 dias                                        000077
1                   000902692011248461-12966                  0000000000000012966900000000002               0112966     08121400000000200000000000012N021214000000000000000670000000000000000000000000000000000000000000000115696350000101Almeida IntermediaÁ„o cartor·ria LTDA MERua JosÈ Brenha Ribeiro,23                          18130495Protesto apÛs 5 dias                                        000078
1                   000902692011248461-12967                  0000000000000012967700000000002               0112967     08121400000000500000000000012N021214000000000000001670000000000000000000000000000000000000000000000119373945000187MR Sistema de IntermediaÁ„o Cartor·ria LRua 29 de Abril,123                                 13256000Protesto apÛs 5 dias                                        000079
1                   000902692011248461-12968                  0000000000000012968500000000002               0112968     08121400000000500000000000012N021214000000000000001670000000000000000000000000000000000000000000000115761167000142DOC SERVICE SERVI«OS DOCUMENTAIS LTDA   Rua Marechal Floriano Peixoto,1562-Sala             85851020Protesto apÛs 5 dias                                        000080
1                   000902692011248461-12969                  0000000000000012969300000000002               0112969     08121400000000500000000000012N0212140000000000000016700000000000000000000000000000000000000000000001157926280001442 W V INTERMEDIA«√O CARTOR¡RIA LTDA-ME  Rua Marechal Deodoro,44                             12500210Protesto apÛs 5 dias                                        000081
1                   000902692011248461-12970                  0000000000000012970700000000002               0112970     08121400000000500000000000012N021214000000000000001670000000000000000000000000000000000000000000000115779486000185ANA LIDIA ANDRADE VASCONCELOS CISOTTO - Rua M·rio Pedro Vercellino,411                      18550000Protesto apÛs 5 dias                                        000082
1                   000902692011248461-12971                  0000000000000012971500000000002               0112971     08121400000001000000000000012N021214000000000000003330000000000000000000000000000000000000000000000116566686000112SOMARX INTERMEDIA«√O CARTOR¡RIA LTDA    QN 07 - AREA ESPECIAL 1 TERREO LOJA,11-R            71805731Protesto apÛs 5 dias                                        000083
1                   000902692011248461-12972                  0000000000000012972300000000002               0112972     08121400000001000000000000012N021214000000000000003330000000000000000000000000000000000000000000000116651907000150COTIA CENTRAL - SERVI«OS ADMINISTRATIVOSRua Joaquim Nunes Filho,204                         06717180Protesto apÛs 5 dias                                        000084
1                   000902692011248461-12973                  0000000000000012973100000000002               0112973     08121400000001500000000000012N021214000000000000005000000000000000000000000000000000000000000000000117013577000130RIBEIRO INTERMEDIA«√O CARTOR¡RIA LTDA.  Av. Presidente Marques,1212                         78045008Protesto apÛs 5 dias                                        000085
1                   000902692011248461-12974                  0000000000000012974P00000000002               0112974     08121400000000500000000000012N021214000000000000001670000000000000000000000000000000000000000000000116455215000137MIM Consultoria, Assessoria e IntermediaRua Gal. Bacelar,504                                96200370Protesto apÛs 5 dias                                        000086
1                   000902692011248461-12975                  0000000000000012975800000000002               0112975     08121400000000500000000000012N021214000000000000001670000000000000000000000000000000000000000000000116850829000113FORMAGIO & MILARE LTDA ME               Rua Princesa Izabel,994                             17900000Protesto apÛs 5 dias                                        000087
1                   000902692011248461-12976                  0000000000000012976600000000002               0112976     08121400000001000000000000012N021214000000000000003330000000000000000000000000000000000000000000000116988183000135MENEZES & AMARAL INTERMEDIA«√O CARTOR¡RIRua Israel Pinheiro,2500-LJ 1                       35020220Protesto apÛs 5 dias                                        000088
1                   000902692011248461-12977                  0000000000000012977400000000002               0112977     08121400000000500000000000012N021214000000000000001670000000000000000000000000000000000000000000000117163022000175DEFTHJ CONSULTORIA E ASSESSORIA CARTOR¡RR. Pedro ProcÛpio,48                                06501130Protesto apÛs 5 dias                                        000089
1                   000902692011248461-12978                  0000000000000012978200000000002               0112978     08121400000000500000000000012N021214000000000000001670000000000000000000000000000000000000000000000116943517000154SOUZA SERVI«OS DE DOCUMENTOS S/S LTDA EPR. Coronel Aureliano de Camargo,666                 18270170Protesto apÛs 5 dias                                        000090
1                   000902692011248461-12979                  0000000000000012979000000000002               0112979     08121400000000500000000000012N021214000000000000001670000000000000000000000000000000000000000000000117206713000109FABIO TOMAZ CARDOSO - ME                Rua Primeiro de Maio,202-SL 507                     09015030Protesto apÛs 5 dias                                        000091
1                   000902692011248461-12980                  0000000000000012980400000000002               0112980     08121400000000500000000000012N021214000000000000001670000000000000000000000000000000000000000000000111834699000373REGIS ORLANDINI ASSESSORIA CARTOR¡RIA EPRua Dr. Frankilin de Castro,238                     38183120Protesto apÛs 5 dias                                        000092
1                   000902692011248461-12981                  0000000000000012981200000000002               0112981     08121400000000500000000000012N021214000000000000001670000000000000000000000000000000000000000000000116899904000130E. F. AURELIA NEGOCIOS E INTERMEDIA«√O CRua Liberdade,596                                   06853700Protesto apÛs 5 dias                                        000093
1                   000902692011248461-12982                  0000000000000012982000000000002               0112982     08121400000000500000000000012N021214000000000000001670000000000000000000000000000000000000000000000116949930000126CIRENO FILHO INTERMEDIA«√O CARTORARIA   Rua Carlos Eduardo Nichele,1382-LJ01                83833022Protesto apÛs 5 dias                                        000094
1                   000902692011248461-12983                  0000000000000012983900000000002               0112983     08121400000000350000000000012N021214000000000000001170000000000000000000000000000000000000000000000116811847000196TOLEDO & PEREIRA VASSALO LTDA ME        Rua Santos Pereira,212                              37500026Protesto apÛs 5 dias                                        000095
1                   000902692011248461-12984                  0000000000000012984700000000002               0112984     08121400000001000000000000012N021214000000000000003330000000000000000000000000000000000000000000000116819238000183CARLOS ALBERTO ROCHA DE MELO - ME       R. HermÛgenes Freire da Costa,02-LJ 05              28940000Protesto apÛs 5 dias                                        000096
1                   000902692011248461-12985                  0000000000000012985500000000002               0112985     08121400000000500000000000012N021214000000000000001670000000000000000000000000000000000000000000000116945793000151JLM INTERMEDIA«√O CARTOR¡RIA LTDA       Av. Tiradentes,618-LJ 03                            36307348Protesto apÛs 5 dias                                        000097
1                   000902692011248461-12986                  0000000000000012986300000000002               0112986     08121400000001750000000000012N021214000000000000005830000000000000000000000000000000000000000000000116927836000176C. M. MILROT CONSULTORIA E INTERMEDIA«√OAl. Ribeir„o Preto,551-SL 24                        01331001Protesto apÛs 5 dias                                        000098
1                   000902692011248461-12987                  0000000000000012987100000000002               0112987     08121400000000500000000000012N021214000000000000001670000000000000000000000000000000000000000000000116935668000160FLASH DOC INTERMEDIA«’ES CARTORARIAS    Av. Caetano Barrela,209                             06763460Protesto apÛs 5 dias                                        000099
1                   000902692011248461-12988                  0000000000000012988P00000000002               0112988     08121400000000500000000000012N021214000000000000001670000000000000000000000000000000000000000000000116964316000133CAMARGO & ESTRACINE INTERMEDIA«√O CARTORRua Miguel Anselmo,260                              15900000Protesto apÛs 5 dias                                        000100
1                   000902692011248461-12989                  0000000000000012989800000000002               0112989     08121400000001000000000000012N021214000000000000003330000000000000000000000000000000000000000000000117829100000128JS & BOIM INTERMEDIA«√O CARTOR¡RIA LTDA Rua Tabatinguera,140-SL 409 e 410                   01020000Protesto apÛs 5 dias                                        000101
1                   000902692011248461-12990                  0000000000000012990100000000002               0112990     08121400000001000000000000012N021214000000000000003330000000000000000000000000000000000000000000000112587280000165RTC INTERMEDIA«√O CARTOR¡RIA LTDA - ME  Rua Montenegro,171 A                                11410040Protesto apÛs 5 dias                                        000102
1                   000902692011248461-12991                  0000000000000012991P00000000002               0112991     08121400000000500000000000012N021214000000000000001670000000000000000000000000000000000000000000000116729531000150GOMES VERAS INTERMEDIA«√O CARTOR¡RIA LTDRua Maranh„o,763-Sala 17 R                          65901590Protesto apÛs 5 dias                                        000103
1                   000902692011248461-12992                  0000000000000012992800000000002               0112992     08121400000002000000000000012N021214000000000000006670000000000000000000000000000000000000000000000116970183000108NR INTERMEDIA«√O CARTOR¡RIA LTDA        Av. Dom Luis,500-Piso L0, Loja 38, Shopp            60160196Protesto apÛs 5 dias                                        000104
1                   000902692011248461-12993                  0000000000000012993600000000002               0112993     08121400000000500000000000012N021214000000000000001670000000000000000000000000000000000000000000000117103695000210Vale Rio - IntermediaÁ„o Cartor·ria LtdaRua do ParaÌso,97-SL 29                             48903050Protesto apÛs 5 dias                                        000105
1                   000902692011248461-12994                  0000000000000012994400000000002               0112994     08121400000000500000000000012N021214000000000000001670000000000000000000000000000000000000000000000117103695000130VALE RIO - INTERMEDIA«√O CARTOR¡RIA LTDAPraÁa Pio XII,290-2∫ Andar, SL 01                   56304430Protesto apÛs 5 dias                                        000106
1                   000902692011248461-12995                  0000000000000012995200000000002               0112995     08121400000001000000000000012N021214000000000000003330000000000000000000000000000000000000000000000117488037000103LG INTERMEDIA«√O CARTOR¡RIA LTDA ME     Rua Rafael Nascimento,300 C                         75901290Protesto apÛs 5 dias                                        000107
1                   000902692011248461-12996                  0000000000000012996000000000002               0112996     08121400000001000000000000012N021214000000000000003330000000000000000000000000000000000000000000000117197147000116POSTCAR INTERMEDIA«√O CARTOR¡RIA LTDA   Rua Amaro Genari,40-Sala 33                         09810270Protesto apÛs 5 dias                                        000108
1                   000902692011248461-12997                  0000000000000012997900000000002               0112997     08121400000000300000000000012N021214000000000000001000000000000000000000000000000000000000000000000117216619000130F E M INTERMEDIA«√O CARTORARIA LTDA ME  Av. Dom Pedro II,135-Sala 22                        37470000Protesto apÛs 5 dias                                        000109
1                   000902692011248461-12998                  0000000000000012998700000000002               0112998     08121400000000500000000000012N021214000000000000001670000000000000000000000000000000000000000000000112762841000115SM GERENCIAMENTO DE CERTID’ES E DOCUMENTRua 18,81                                           76380000Protesto apÛs 5 dias                                        000110
1                   000902692011248461-12999                  0000000000000012999500000000002               0112999     08121400000000500000000000012N021214000000000000001670000000000000000000000000000000000000000000000118325368000195FERREIRA CAMPOS CONSULTORIA E INTERMEDIARua Joaquim Manuel,248                              46430000Protesto apÛs 5 dias                                        000111
1                   000902692011248461-13000                  0000000000000013000400000000002               0113000     08121400000001500000000000012N021214000000000000005000000000000000000000000000000000000000000000000117234137000103Postal Services - Assessoria e ServiÁos PÁ das Orquideas,186-SL 04 | 1∫ Andar               06453002Protesto apÛs 5 dias                                        000112
1                   000902692011248461-13001                  0000000000000013001200000000002               0113001     08121400000000500000000000012N021214000000000000001670000000000000000000000000000000000000000000000117344439000134Carneiro e Santana IntermediaÁ„o Cartor·Rua Brasil,210-SALA A                               19800100Protesto apÛs 5 dias                                        000113
1                   000902692011248461-13002                  0000000000000013002000000000002               0113002     08121400000000500000000000012N021214000000000000001670000000000000000000000000000000000000000000000117474125000156MAGAVIX INTERMEDIA«√O E LOGISTICA DE DISRua Amap·,1777                                      87704070Protesto apÛs 5 dias                                        000114
1                   000902692011248461-13003                  0000000000000013003900000000002               0113003     08121400000000500000000000012N021214000000000000001670000000000000000000000000000000000000000000000118726605000120OLIVEIRA CECHET INTERMEDIA«√O CARTOR¡RIARua Cleriston Andrade,132-QD 23 LT 03 SL            47850000Protesto apÛs 5 dias                                        000115
1                   000902692011248461-13004                  0000000000000013004700000000002               0113004     08121400000000500000000000012N021214000000000000001670000000000000000000000000000000000000000000000117569606000145RP SERVI«OS CARTORARIOS LTDA            Av. Santos Dumont,3257-Comercial MM501 L            42700000Protesto apÛs 5 dias                                        000116
1                   000902692011248461-13005                  0000000000000013005500000000002               0113005     08121400000000500000000000012N021214000000000000001670000000000000000000000000000000000000000000000118532030000104ASSESSORIA POSTAL LTDA - ME             Rua 22,1225                                         38300076Protesto apÛs 5 dias                                        000117
1                   000902692011248461-13006                  0000000000000013006300000000002               0113006     08121400000000400000000000012N021214000000000000001330000000000000000000000000000000000000000000000109532074000143OTTIMIZA ASSESSORIA CARTORARIA LTDA - MERua Raimundo Chaves,1584                            59064390Protesto apÛs 5 dias                                        000118
1                   000902692011248461-13007                  0000000000000013007100000000002               0113007     08121400000000500000000000012N021214000000000000001670000000000000000000000000000000000000000000000118275563000158FEITOZA SERVI«OS POSTAL LTDA            Rua AntÙnio Guimar„es,604                           65631100Protesto apÛs 5 dias                                        000119
1                   000902692011248461-13008                  0000000000000013008P00000000002               0113008     08121400000000500000000000012N021214000000000000001670000000000000000000000000000000000000000000000117497344000150VAP POSTAL INTERMEDIA«√O CARTOR¡RIA LTDARua Teodorico Tourinho,304                          39800010Protesto apÛs 5 dias                                        000120
1                   000902692011248461-13009                  0000000000000013009800000000002               0113009     08121400000000500000000000012N021214000000000000001670000000000000000000000000000000000000000000000113622593000170Moraes & Vessoni Serv. e Ass. CartorariaRua Paran·,629                                      19900021Protesto apÛs 5 dias                                        000121
1                   000902692011248461-13010                  0000000000000013010100000000002               0113010     08121400000000500000000000012N021214000000000000001670000000000000000000000000000000000000000000000117736384000108JANAINA FERREIRA DE TOLEDO PEREIRA      Rua Vanor Junqueira Franco,300-Fundos               14701010Protesto apÛs 5 dias                                        000122
1                   000902692011248461-13011                  0000000000000013011P00000000002               0113011     08121400000000700000000000012N021214000000000000002330000000000000000000000000000000000000000000000117966691000185GERENCIAMENTO DE CERTIDOES E DOCUMENTOS Rua Cincinato Pinto,297-SL 105                      57020670Protesto apÛs 5 dias                                        000123
1                   000902692011248461-13012                  0000000000000013012800000000002               0113012     08121400000000350000000000012N021214000000000000001170000000000000000000000000000000000000000000000117882102000180JK INTERMEDIA«’ES CARTOR¡RIAS           Av. Francisco Monteiro,95                           09400310Protesto apÛs 5 dias                                        000124
1                   000902692011248461-13013                  0000000000000013013600000000002               0113013     08121400000000300000000000012N021214000000000000001000000000000000000000000000000000000000000000000118268113000138LINS E SILVA INTERMEDIA«’ES CARTOR¡RIAS Rua Visconde de Campo Alegre,149-1∫ Anda            54505370Protesto apÛs 5 dias                                        000125
1                   000902692011248461-13014                  0000000000000013014400000000002               0113014     08121400000000500000000000012N021214000000000000001670000000000000000000000000000000000000000000000120794197000195ANH SERVI«OS CARTOR¡RIOS E DOCUMENTAIS LRua AntÙnio Teles de Menezes,41-SL 407              25520630Protesto apÛs 5 dias                                        000126
1                   000902692011248461-13015                  0000000000000013015200000000002               0113015     08121400000001000000000000012N021214000000000000003330000000000000000000000000000000000000000000000118133083000152MALTAURO BEZERRA CONSULTORIA E INTERMEDIAv. Tancredo Neves,1485-SL 408 | Ed. Esp            41820021Protesto apÛs 5 dias                                        000127
1                   000902692011248461-13016                  0000000000000013016000000000002               0113016     08121400000001750000000000012N021214000000000000005830000000000000000000000000000000000000000000000118384480000105INTERMEDIA«√O CARTOR¡RIA INTERLAGOS LTDAAv. Nossa Senhora do Sabar·,1687                    04685004Protesto apÛs 5 dias                                        000128
1                   000902692011248461-13017                  0000000000000013017900000000002               0113017     08121400000000500000000000012N021214000000000000001670000000000000000000000000000000000000000000000118209597000144T A Mendes ServiÁos Administrativos - MERua Visconde do Rio Branco,128                      13600080Protesto apÛs 5 dias                                        000129
1                   000902692011248461-13018                  0000000000000013018700000000002               0113018     08121400000000500000000000012N021214000000000000001670000000000000000000000000000000000000000000000117961015000119ADALBERTO ROCHA THOBIAS - ME            Av. Paulista,259-Oeste                              17280000Protesto apÛs 5 dias                                        000130
1                   000902692011248461-13019                  0000000000000013019500000000002               0113019     08121400000000500000000000012N021214000000000000001670000000000000000000000000000000000000000000000118117942000110Rocha OrÁai IntermediaÁ„o Cartor·ria LtdRua dos Leites,69-Sala 118, Galeria PÙr             28470000Protesto apÛs 5 dias                                        000131
1                   000902692011248461-13020                  0000000000000013020900000000002               0113020     08121400000000500000000000012N021214000000000000001670000000000000000000000000000000000000000000000118840724000109RM SERVI«OS DE INTERMEDIA«√O CARTOR¡RIA Av. Get˙lio Vargas,44                               48601260Protesto apÛs 5 dias                                        000132
1                   000902692011248461-13021                  0000000000000013021700000000002               0113021     08121400000001500000000000012N021214000000000000005000000000000000000000000000000000000000000000000118379292000180DOCUMENTUM BRASILIA LTDA - ME           CLN 316-BL E, LJ 06                                 70775550Protesto apÛs 5 dias                                        000133
1                   000902692011248461-13022                  0000000000000013022500000000002               0113022     08121400000001000000000000012N021214000000000000003330000000000000000000000000000000000000000000000115007025000194FV RepresentaÁ„o Comercial LTDA         Alameda AbricÛ,1856-LJ 03                           28890254Protesto apÛs 5 dias                                        000134
1                   000902692011248461-13023                  0000000000000013023300000000002               0113023     08121400000000500000000000012N021214000000000000001670000000000000000000000000000000000000000000000118254685000168CASTELO BRANCO - INTERMEDIA«√O CART”RARIRua do Sol,382-Loja 06 - Centro Empresar            65300000Protesto apÛs 5 dias                                        000135
1                   000902692011248461-13024                  0000000000000013024100000000002               0113024     08121400000000500000000000012N021214000000000000001670000000000000000000000000000000000000000000000118354262000110BOFF E MULLER INTERMEDIA«√O CARTOR¡RIA LAv. J˙lio de Castilhos,1340-SL 05 - Cent            95010003Protesto apÛs 5 dias                                        000136
1                   000902692011248461-13025                  0000000000000013025P00000000002               0113025     08121400000000500000000000012N021214000000000000001670000000000000000000000000000000000000000000000119503612000125BORGES & SARTORI SERVI«OS ADMINISTRATIVOAv. Presidente Kennedy,6920-SL 6                    11704100Protesto apÛs 5 dias                                        000137
1                   000902692011248461-13026                  0000000000000013026800000000002               0113026     08121400000000500000000000012N021214000000000000001670000000000000000000000000000000000000000000000118596649000182LHL SERVI«OS ADMINISTRATIVOS E INTERMEDIRua AssemblÈia de Deus,39-SL 411                    11500040Protesto apÛs 5 dias                                        000138
1                   000902692011248461-13027                  0000000000000013027600000000002               0113027     08121400000000350000000000012N021214000000000000001170000000000000000000000000000000000000000000000119490850000143VA VIOTTO INTERMEDIACAO CAROTARIA - ME  Av. Farid Miguel Safatle,509-LJ 01                  75701040Protesto apÛs 5 dias                                        000139
1                   000902692011248461-13028                  0000000000000013028400000000002               0113028     08121400000000500000000000012N021214000000000000001670000000000000000000000000000000000000000000000119289512000148P W INTERMEDIA«√O CARTOR¡RIA LTDA       Rua Bonaire,312                                     65930000Protesto apÛs 5 dias                                        000140
1                   000902692011248461-13029                  0000000000000013029200000000002               0113029     08121400000001000000000000012N021214000000000000003330000000000000000000000000000000000000000000000118758648000197CASANOVA E CAL INTERMEDIA«√O CARTOR¡RIA Rua Osvaldo Cruz,372-LJ 106                         41940000Protesto apÛs 5 dias                                        000141
1                   000902692011248461-13030                  0000000000000013030600000000002               0113030     08121400000000500000000000012N021214000000000000001670000000000000000000000000000000000000000000000118607091000193ROBERTA CORREA BUENO GOLO ME            PraÁa 9 de Julho,123                                13960000Protesto apÛs 5 dias                                        000142
1                   000902692011248461-13031                  0000000000000013031400000000002               0113031     08121400000000400000000000012N021214000000000000001330000000000000000000000000000000000000000000000103781158000134DESTRO & CABRAL INTERMEDIA«√O CARTOR¡RIAAv. da Saudade,246                                  14840000Protesto apÛs 5 dias                                        000143
1                   000902692011248461-13032                  0000000000000013032200000000002               0113032     08121400000000500000000000012N021214000000000000001670000000000000000000000000000000000000000000000118678770000153CHIMACHI E COGHI INTERMEDIA«√O CARTOR¡RIRua AntÙnio Mour„o,84-SL 03                         13610090Protesto apÛs 5 dias                                        000144
1                   000902692011248461-13033                  0000000000000013033000000000002               0113033     08121400000000500000000000012N021214000000000000001670000000000000000000000000000000000000000000000118465701000161SANDRA RODRIGUES DE JESUS - EIRELI - ME Rua Tito FulgÍncio,164-SL 106, Galeria C            38500000Protesto apÛs 5 dias                                        000145
1                   000902692011248461-13034                  0000000000000013034900000000002               0113034     08121400000000500000000000012N021214000000000000001670000000000000000000000000000000000000000000000118950650000163NOVA ERA INTERMEDIA«√O CARTORARIA LTDA -Av. Rui Barbosa,72-SL 13                            11740970Protesto apÛs 5 dias                                        000146
1                   000902692011248461-13035                  0000000000000013035700000000002               0113035     08121400000000500000000000012N021214000000000000001670000000000000000000000000000000000000000000000118536552000184CAMPOS DO JORDAO INTERMEDIACAO CARTORARIRua Brigadeiro Jord„o,636                           12460000Protesto apÛs 5 dias                                        000147
1                   000902692011248461-13036                  0000000000000013036500000000002               0113036     08121400000001000000000000012N021214000000000000003330000000000000000000000000000000000000000000000118758564000153M & M INTERMEDIA«√O CARTOR¡RIA LTDA - MERua Dom Luis Felipe de Orleans,1177                 02118001Protesto apÛs 5 dias                                        000148
1                   000902692011248461-13037                  0000000000000013037300000000002               0113037     08121400000001000000000000012N021214000000000000003330000000000000000000000000000000000000000000000119166528000163ESANNF ‚Äì SERVI√áOS DE APOIO AS EMPRESARua do Arroz,90-SL 451                              21011070Protesto apÛs 5 dias                                        000149
1                   000902692011248461-13038                  0000000000000013038100000000002               0113038     08121400000000500000000000012N021214000000000000001670000000000000000000000000000000000000000000000101507315000192MG BUSINARI                             Av. Brasil,1955-SL 4A                               13468000Protesto apÛs 5 dias                                        000150
1                   000902692011248461-13039                  0000000000000013039P00000000002               0113039     08121400000000500000000000012N021214000000000000001670000000000000000000000000000000000000000000000118717359000140FAVARO INTERMEDIA«√O CARTOR¡RIA LTDA -MEAv. Cinco,300                                       14620000Protesto apÛs 5 dias                                        000151
1                   000902692011248461-13040                  0000000000000013040300000000002               0113040     08121400000000500000000000012N021214000000000000001670000000000000000000000000000000000000000000000118995227000180MM SERVI«O DE INTERMEDIA«√O DE NEGOCIO LAv. Coumbiara,4489                                  76940000Protesto apÛs 5 dias                                        000152
1                   000902692011248461-13041                  0000000000000013041100000000002               0113041     08121400000000500000000000012N021214000000000000001670000000000000000000000000000000000000000000000114445177000106Bruce Costa Vilafranca - ME             Rua Paschoal Gianfrancesco,60-Sal„o 10              13224700Protesto apÛs 5 dias                                        000153
1                   000902692011248461-13042                  0000000000000013042P00000000002               0113042     08121400000000500000000000012N021214000000000000001670000000000000000000000000000000000000000000000118917837000165VALE FV - INTERMEDIACAO CARTORARIA LTDA Rua Bernardino de Campos,44-SL 26/27, 1∫            12308010Protesto apÛs 5 dias                                        000154
1                   000902692011248461-13043                  0000000000000013043800000000002               0113043     08121400000000500000000000012N021214000000000000001670000000000000000000000000000000000000000000000119448391000130YANA SANTOS SOUTO MAIOR VIEIRA - ME     Av. Agamenon Magalh„es,444-SL 426                   55012290Protesto apÛs 5 dias                                        000155
1                   000902692011248461-13044                  0000000000000013044600000000002               0113044     08121400000000500000000000012N021214000000000000001670000000000000000000000000000000000000000000000119044805000165RB CONSULTORIA E ASSESSORIA EIRELI      Rua Eliseu Guilherme,724                            14025020Protesto apÛs 5 dias                                        000156
1                   000902692011248461-13045                  0000000000000013045400000000002               0113045     08121400000001000000000000012N021214000000000000003330000000000000000000000000000000000000000000000119137241000105OLIVEIRA E VALDEZ INTERMEDIA«’ES CARTOR¡Alameda Doutor Carlos de Carvalho,655-LJ            80430180Protesto apÛs 5 dias                                        000157
1                   000902692011248461-13046                  0000000000000013046200000000002               0113046     08121400000001000000000000012N021214000000000000003330000000000000000000000000000000000000000000000116990226000117E. ROFELD SERVI«OS ADMINISTRATIVOS ME   Av. AngÈlica,1814-CJ 606                            01228200Protesto apÛs 5 dias                                        000158
1                   000902692011248461-13047                  0000000000000013047000000000002               0113047     08121400000001000000000000012N021214000000000000003330000000000000000000000000000000000000000000000113031763000141QUALY SERVI«OS CARTOR¡RIOS LTDA         Est. do Gabinal,313-LJ 215-216                      22760151Protesto apÛs 5 dias                                        000159
1                   000902692011248461-13048                  0000000000000013048900000000002               0113048     08121400000000500000000000012N021214000000000000001670000000000000000000000000000000000000000000000119219421000136OK INTERMEDIA«AO CARTORARIA LTDA        Rua Jeronimo Coelho,140-SL 04                       89201205Protesto apÛs 5 dias                                        000160
1                   000902692011248461-13049                  0000000000000013049700000000002               0113049     08121400000000500000000000012N021214000000000000001670000000000000000000000000000000000000000000000120513848000121FACILITY SOLU«’ES EM INTERMEDIA«√O CARTORua Quinze de Janeiro,121-SL 905, Centro            92010300Protesto apÛs 5 dias                                        000161
1                   000902692011248461-13050                  0000000000000013050000000000002               0113050     08121400000001000000000000012N021214000000000000003330000000000000000000000000000000000000000000000119344677000175Fontenelle, Viana & Santos IntermediaÁ„oRua Conde de Bonfim,310-Subsolo - LJ G              20520054Protesto apÛs 5 dias                                        000162
1                   000902692011248461-13051                  0000000000000013051900000000002               0113051     08121400000000300000000000012N021214000000000000001000000000000000000000000000000000000000000000000119152213000167MAIS FACIL INTERMEDIA«√O CARTORARIA     Av. Cel. Manoel InocÍncio,631-LJ 17                 12281010Protesto apÛs 5 dias                                        000163
1                   000902692011248461-13052                  0000000000000013052700000000002               0113052     08121400000000500000000000012N021214000000000000001670000000000000000000000000000000000000000000000119571061000137KAIROS PRESTA«√O DE SERVI«OS E INTERMEDIRua T,02-QD 02, Lote 09, Sala 08                    77064566Protesto apÛs 5 dias                                        000164
1                   000902692011248461-13053                  0000000000000013053500000000002               0113053     08121400000000500000000000012N021214000000000000001670000000000000000000000000000000000000000000000119376967000109INOVA«√O SERVI«OS DE APOIO ADMINISTRATIVRua Coronel Jo„o Urbano,85                          37002350Protesto apÛs 5 dias                                        000165
1                   000902692011248461-13054                  0000000000000013054300000000002               0113054     08121400000000500000000000012N021214000000000000001670000000000000000000000000000000000000000000000118939109000154J.B. NASCIMENTO INTERMEDIA«√O CARTORARIARua Par·,3222                                       15502236Protesto apÛs 5 dias                                        000166
1                   000902692011248461-13055                  0000000000000013055100000000002               0113055     08121400000001000000000000012N021214000000000000003330000000000000000000000000000000000000000000000119353380000176RODOPOSTALLE SERVICOS CARTORARIOS LTDA -Rua Flores do PiauÌ,99-SL 03, 1∫ Andar              08210200Protesto apÛs 5 dias                                        000167
1                   000902692011248461-13056                  0000000000000013056P00000000002               0113056     08121400000000500000000000012N021214000000000000001670000000000000000000000000000000000000000000000119318001000107SOBRAL INTERMEDIA«√O DE DOCUMENTOS LTDA Rua Tabeli„o Ildefonso Cavalcante,417               62010015Protesto apÛs 5 dias                                        000168
1                   000902692011248461-13057                  0000000000000013057800000000002               0113057     08121400000000500000000000012N021214000000000000001670000000000000000000000000000000000000000000000111836017000108F.L. DE A. Lima - ME                    Rua 45,63-Loja 65/66                                61.90105Protesto apÛs 5 dias                                        000169
1                   000902692011248461-13058                  0000000000000013058600000000002               0113058     08121400000001000000000000012N021214000000000000003330000000000000000000000000000000000000000000000119451478000166MELLO 7 LEBLON SERVI«OS DE DESPACHANTES Av. Ataulfo de Paiva,1174-SL 05                     22440035Protesto apÛs 5 dias                                        000170
1                   000902692011248461-13059                  0000000000000013059400000000002               0113059     08121400000001000000000000012N021214000000000000003330000000000000000000000000000000000000000000000119667269000154ANDRADE CONSULTORIA E INTERMEDIA«√O CARTAv. Dantas Barreto,1090-5∫Andar, Edf. Sa            50020000Protesto apÛs 5 dias                                        000171
1                   000902692011248461-13060                  0000000000000013060800000000002               0113060     08121400000001000000000000012N021214000000000000003330000000000000000000000000000000000000000000000110329307000194MCDI INTERMEDIA«’ES CARTOR¡RIAS LTDA - MRua Sargento Jo„o Lopes,263                         21931420Protesto apÛs 5 dias                                        000172
1                   000902692011248461-13061                  0000000000000013061600000000002               0113061     08121400000000500000000000012N021214000000000000001670000000000000000000000000000000000000000000000108490584000132M.C. RABHA SERVI«OS ADMINISTRATIVOS     Rua da ConceiÁ„o,136-SL 201                         23900435Protesto apÛs 5 dias                                        000173
1                   000902692011248461-13062                  0000000000000013062400000000002               0113062     08121400000001000000000000012N021214000000000000003330000000000000000000000000000000000000000000000119780195000168FRAN«A E SOUZA INTERMEDIA«√O CARTOR¡RIA Av. Braz de Pina,2073-SL 204                        21235604Protesto apÛs 5 dias                                        000174
1                   000902692011248461-13063                  0000000000000013063200000000002               0113063     08121400000000350000000000012N021214000000000000001170000000000000000000000000000000000000000000000117961015000208ADALBERTO ROCHA THOBIAS - ME            Rua das Palmeiras,43                                17210120Protesto apÛs 5 dias                                        000175
1                   000902692011248461-13064                  0000000000000013064000000000002               0113064     08121400000001000000000000012N021214000000000000003330000000000000000000000000000000000000000000000116731938000111ANTTARES CONSULTORIA E INTERMEDIA«√O CARAv. Dr. Eduardo Cotching,1800 A                     03356000Protesto apÛs 5 dias                                        000176
1                   000902692011248461-13065                  0000000000000013065900000000002               0113065     08121400000000500000000000012N021214000000000000001670000000000000000000000000000000000000000000000119899797000139GESING E SILVA PREPARA«√O DE DOCUMENTOS Rua Alameda Aristiliano Ramos,768-SL 03             89160129Protesto apÛs 5 dias                                        000177
1                   000902692011248461-13066                  0000000000000013066700000000002               0113066     08121400000000500000000000012N021214000000000000001670000000000000000000000000000000000000000000000119725172000150CNF INTERMEDIA«√O CARTOR¡RIA ME         Rua Sete,2353                                       15700014Protesto apÛs 5 dias                                        000178
1                   000902692011248461-13067                  0000000000000013067500000000002               0113067     08121400000000500000000000012N021214000000000000001670000000000000000000000000000000000000000000000118101849000117ANA PAULA CALICCHIO FERRAZ ME           Av. Dr. Jo„o Carlos,14                              37800000Protesto apÛs 5 dias                                        000179
1                   000902692011248461-13068                  0000000000000013068300000000002               0113068     08121400000000500000000000012N021214000000000000001670000000000000000000000000000000000000000000000120063736000116RAHJ SOLU«’ES LTDA EPP                  Estrada Rio-S„o Paulo,17-LJ 19                      23898000Protesto apÛs 5 dias                                        000180
1                   000902692011248461-13069                  0000000000000013069100000000002               0113069     08121400000000500000000000012N021214000000000000001670000000000000000000000000000000000000000000000120175730000130FORMICOLI & ALVES LTDA                  Rua Porto Seguro,188                                87200258Protesto apÛs 5 dias                                        000181
1                   000902692011248461-13070                  0000000000000013070500000000002               0113070     08121400000000500000000000012N021214000000000000001670000000000000000000000000000000000000000000000119756945000166MADAME¥S INTERMEDIA«√O CARTORARIA LTDA -Av. Caminho do Mar,3215                             09611000Protesto apÛs 5 dias                                        000182
1                   000902692011248461-13071                  0000000000000013071300000000002               0113071     08121400000001000000000000012N021214000000000000003330000000000000000000000000000000000000000000000119831382000123INTERMEDIA«√O CARTOR¡RIA GADINI LTDA - MRua Maria C‚ndida,1159-Sala 02                      02071012Protesto apÛs 5 dias                                        000183
1                   000902692011248461-13072                  0000000000000013072100000000002               0113072     08121400000001000000000000012N021214000000000000003330000000000000000000000000000000000000000000000120307190000100IRM√OS FINGOLO INTERMEDIA«√O CARTOR¡RIA Rua Tenente Coronel Cardoso,379                     28010280Protesto apÛs 5 dias                                        000184
1                   000902692011248461-13073                  0000000000000013073P00000000002               0113073     08121400000000500000000000012N021214000000000000001670000000000000000000000000000000000000000000000119955865000130V G M SERVI«OS E INTERMEDIA«√O CART”RARIRua Dr. Justo Pedrosa,380 A                         65800000Protesto apÛs 5 dias                                        000185
1                   000902692011248461-13074                  0000000000000013074800000000002               0113074     08121400000000500000000000012N021214000000000000001670000000000000000000000000000000000000000000000120284459000171FIGUEIREDO INTERMEDIA«√O CARTORARIA LTDARua Monsenhor Leite,200-LJ 02                       37170000Protesto apÛs 5 dias                                        000186
1                   000902692011248461-13075                  0000000000000013075600000000002               0113075     08121400000000500000000000012N021214000000000000001670000000000000000000000000000000000000000000000120062349000165MASTER INTERMEDIA«’ES CARTOR¡RIAS E SERVRua Salvador MendonÁa,51-SL 101                     24800161Protesto apÛs 5 dias                                        000187
1                   000902692011248461-13076                  0000000000000013076400000000002               0113076     08121400000000500000000000012N021214000000000000001670000000000000000000000000000000000000000000000120348170000179PIMENTEL INTERMEDIA«’ES CARTORARIAS     Av. Padre Anchieta,2522-LJ 02                       11750000Protesto apÛs 5 dias                                        000188
1                   000902692011248461-13077                  0000000000000013077200000000002               0113077     08121400000000500000000000012N021214000000000000001670000000000000000000000000000000000000000000000119790066000150CAMARGO E JARABIZA LTDA - ME            Rua Raimundo Leonardi,1656-Sala 01                  85900110Protesto apÛs 5 dias                                        000189
1                   000902692011248461-13078                  0000000000000013078000000000002               0113078     08121400000000500000000000012N021214000000000000001670000000000000000000000000000000000000000000000120269810000155FACILISDOCUMENTUM INTERMEDIA«√O CARTOR¡RRua AmbrÛsio,12                                     26580250Protesto apÛs 5 dias                                        000190
1                   000902692011248461-13079                  0000000000000013079900000000002               0113079     08121400000000500000000000012N021214000000000000001670000000000000000000000000000000000000000000000120456184000106JULIO CESAR SILVA LUCAS ME              Rua General Neto,161-SL 404                         96400380Protesto apÛs 5 dias                                        000191
1                   000902692011248461-13080                  0000000000000013080200000000002               0113080     08121400000001000000000000012N021214000000000000003330000000000000000000000000000000000000000000000120354043000182Clarice Lopes Moraes Marcheti - ME      Rua Ot·vio Nunes da Silva,57                        07021001Protesto apÛs 5 dias                                        000192
1                   000902692011248461-13081                  0000000000000013081000000000002               0113081     08121400000001000000000000012N021214000000000000003330000000000000000000000000000000000000000000000120530368000179QUEIROZ & LAPORTA INTERMEDIA«√O CARTORARRua Jorge Augusto,83-SL 76                          03645000Protesto apÛs 5 dias                                        000193
1                   000902692011248461-13082                  0000000000000013082900000000002               0113082     08121400000001000000000000012N021214000000000000003330000000000000000000000000000000000000000000000114045659000179B. DE A. REBOU«AS SISTEMA DE INTERMEDIA«Rua Par·,510                                        69053575Protesto apÛs 5 dias                                        000194
1                   000902692011248461-13083                  0000000000000013083700000000002               0113083     08121400000000500000000000012N021214000000000000001670000000000000000000000000000000000000000000000120306428000174INTERMEDIA«√O CARTOR¡RIA GALLO ANDREAZZAAv. Minas Gerais,405                                75110770Protesto apÛs 5 dias                                        000195
1                   000902692011248461-13084                  0000000000000013084500000000002               0113084     08121400000000500000000000012N021214000000000000001670000000000000000000000000000000000000000000000120346515000155R. DE S. ELIAS - ME                     Av. Deputado Gast„o Mariz de Faria,210-S            59152110Protesto apÛs 5 dias                                        000196
1                   000902692011248461-13085                  0000000000000013085300000000002               0113085     08121400000000500000000000012N021214000000000000001670000000000000000000000000000000000000000000000120729032000130NISHINA FREITAS INTERMEDIA«√O CARTOR¡RIAPraÁa Desembargador Eduardo Campos Maia,            12401480Protesto apÛs 5 dias                                        000197
1                   000902692011248461-13086                  0000000000000013086100000000002               0113086     08121400000001000000000000012N031214000000000000003330000000000000000000000000000000000000000000000120460981000167RICARDO OLIVA FERREIRA - INTERMEDIACAO CRua Carmine Di Genio,79                             04349030Protesto apÛs 5 dias                                        000198
1                   000902692011248461-13087                  0000000000000013087P00000000002               0113087     08121400000000500000000000012N031214000000000000001670000000000000000000000000000000000000000000000112016343000123RICARDO CANDIOTA ROMANO 00351305980     Rua Arnoldo Candido Raulino,27-SL 103               88070710Protesto apÛs 5 dias                                        000199
1                   000902692011248461-13088                  0000000000000013088800000000002               0113088     08121400000001000000000000012N031214000000000000003330000000000000000000000000000000000000000000000120925860000143CARTEX INTERMEDIA«√O CARTOR¡RIA LTDA - MSQS QD 01 BL A,LOJA 05                              70322900Protesto apÛs 5 dias                                        000200
1                   000902692011248461-13089                  0000000000000013089600000000002               0113089     08121400000001000000000000012N031214000000000000003330000000000000000000000000000000000000000000000120744410000154INTERMEDIACAO CARTORARIA LTDA - EPP     Av Dr Cristiano Guimaraes,1898                      31720300Protesto apÛs 5 dias                                        000201
1                   000902692011248461-13090                  0000000000000013090P00000000002               0113090     08121400000000500000000000012N031214000000000000001670000000000000000000000000000000000000000000000120665644000106LM SOLUCOES EM INTERMEDIA«AO CARTORARIA Av. Terceira,271-SL 01                              88330083Protesto apÛs 5 dias                                        000202
1                   000902692011248461-13091                  0000000000000013091800000000002               0113091     08121400000000500000000000012N031214000000000000001670000000000000000000000000000000000000000000000111198466000160INTERMEDIACAO CARTORARIA CAICARA CARAGUAAv. Prisciliana de Castilho,374-SL 06               11660330Protesto apÛs 5 dias                                        000203
1                   000902692011248461-13092                  0000000000000013092600000000002               0113092     08121400000000500000000000012N031214000000000000001670000000000000000000000000000000000000000000000120893589000101BUSINESS & BUSINESS INTELLIGENCE INTERMERua Vereador Romeu Lauro Werlang,1302-SL            85601020Protesto apÛs 5 dias                                        000204
1                   000902692011248461-13093                  0000000000000013093400000000002               0113093     08121400000000500000000000012N031214000000000000001670000000000000000000000000000000000000000000000120674886000166THOMAZ INTERMEDIA«√O CARTOR¡RIA LTDA - MRua Prof. Luiz Nardy,137                            12900020Protesto apÛs 5 dias                                        000205
1                   000902692011248461-13094                  0000000000000013094200000000002               0113094     08121400000000500000000000012N031214000000000000001670000000000000000000000000000000000000000000000120800411000179DOC FACIL INTERMEDIACAO CARTORARIA      Rua Saldanha Marinho,695/103                        95700000Protesto apÛs 5 dias                                        000206
1                   000902692011248461-13095                  0000000000000013095000000000002               0113095     08121400000001000000000000012N031214000000000000003330000000000000000000000000000000000000000000000116456499000267FILADELFIA SERVI«OS CARTOR¡RIOS E DOCUMEAv. Almirante Barroso,6-SL 1404, 14∫ Car            20031000Protesto apÛs 5 dias                                        000207
1                   000902692011248461-13096                  0000000000000013096900000000002               0113096     08121400000000500000000000012N031214000000000000001670000000000000000000000000000000000000000000000121131878000136COLLINA INTERMEDIA«√O CARTORARIA LTDA - Rua Senador Flaquer,241-LJ 09 - Patio Se            09010160Protesto apÛs 5 dias                                        000208
1                   000902692011248461-11296                  0000000000000011296000000000002               0211296     30091400000002550000000000012N260814000000000000000000000000000000000000000000000000000000000000000217013577000130RIBEIRO INTERMEDIA«√O CARTOR¡RIA LTDA.  Av. Presidente Marques, 1212                        78045008ACORDO ROYALTIES 2/2                                        000209
1                   000902692011248461-12888                  0000000000000012888300000000002               0612888     05121400000000380000000000012N181114120000000000010000000000000000000000000000000000000000000000000201701201000189399 HSBC Bank Brasil S.A. - Banco MultipRua Doutor Seidel,425                               05315000                                                            000210
1                   000902692011248461-12492                  0000000000000012492600000000002               3112492     25111400000001668590000000012N031114120000000000010000000000000000000000000000000000000000000000000208346093000112ARARAJUBA EMPREENDIMENTO IMOBILI¡RIO SPEAvenida Paulista,1374-13∫ e 14∫ andar               01310100                                                            000211
9                                                                                                                                                                                                                                                                                                                                                                                                         000212