01REMESSA01COBRANCA       00000000000004130991SISTEMA DE CARTóRIO CERTIDõES 237BRADESCO       030414        MX0000707                                                                                                                                                                                                                                                                                     000001
1                   000902692011248461-9741                   0000000000000009741400000000002               019741      01041400000008000000000000012N310314000000000000000000000000000000000000000000000000000000000000000100003422032746RAQUEL DE SOUSA ELIAS                   Av. das Américas, 1342 – CS 19                      59158150Taxa de Franquia - Parnamirim/RN                            000002
1                   000902692011248461-9742                   0000000000000009742200000000002               019742      25041400000001421850000000012N010414120000000000004740000000000000000000000000000000000000000000000208994068000145GOLD PANAMA EMPREENDIMENTOS IMOBILIARIOSAvenida Paulista,1374-13º e 14º andar               01310100                                                            000003
1                   000902692011248461-9743                   0000000000000009743000000000002               019743      25041400000001359890000000012N010414120000000000004530000000000000000000000000000000000000000000000208982379000194GOLD ACRE EMPREENDIMENTOS IMOBILIARIOS SAvenida Paulista,1374-13º e 14º andar               01310100                                                            000004
1                   000902692011248461-9744                   0000000000000009744900000000002               019744      25041400000000817350000000012N010414120000000000002720000000000000000000000000000000000000000000000208188603000170ELTANIN INCORPORADORA LTDA              Avenida Paulista,1374-13º e 14º andar               01310100                                                            000005
1                   000902692011248461-9745                   0000000000000009745700000000002               019745      25041400000000559000000000012N010414120000000000001860000000000000000000000000000000000000000000000209185079000147GOLD NIGERIA 0EMPREENDIMENTOS IMOBILIARIAvenida Paulista,1374-13º e 14º andar               01310100                                                            000006
1                   000902692011248461-9746                   0000000000000009746500000000002               019746      25041400000000317000000000012N010414120000000000001060000000000000000000000000000000000000000000000210899967000100GOLD LEROS EMPREENDIMENTOS IMOBILIARIOS Avenida Paulista,1374-13º e 14º andar               01310100                                                            000007
1                   000902692011248461-9747                   0000000000000009747300000000002               019747      25041400000002580010000000012N010414120000000000008600000000000000000000000000000000000000000000000207421434000104JARDIM DAS VERTENTES INCORPORADORA SPE LAvenida Paulista,1374-13º e 14º andar               01310100                                                            000008
1                   000902692011248461-9748                   0000000000000009748100000000002               019748      25041400000001806000000000012N010414120000000000006020000000000000000000000000000000000000000000000211444235000199GOLD FARB 38 EMPREENDIMENTOS IMOBILIARIOAvenida Paulista,1374-13º e 14º andar               01310100                                                            000009
1                   000902692011248461-9749                   0000000000000009749P00000000002               019749      25041400000000354000000000012N010414120000000000001180000000000000000000000000000000000000000000000211403677000197LBC EMPREENDIMENTO IMOBILIARIO SPE LTDA Avenida Paulista,1374-13º e 14º andar               01310100                                                            000010
1                   000902692011248461-9750                   0000000000000009750300000000002               019750      25041400000000046500000000012N010414120000000000000160000000000000000000000000000000000000000000000211216807000182GOLDFARB 13 EMPREENDIMENTO IMOBILIARIO LAvenida Paulista,1374-13º e 14º andar               01310100                                                            000011
1                   000902692011248461-9751                   0000000000000009751100000000002               019751      25041400000000195500000000012N010414120000000000000650000000000000000000000000000000000000000000000209665940000174GOLD FOLEGANDROS EMPRENDIMENTOS IMOBILIAAvenida Paulista,1374-13º e 14º andar               01310100                                                            000012
1                   000902692011248461-9752                   0000000000000009752P00000000002               019752      25041400000001466670000000012N010414120000000000004890000000000000000000000000000000000000000000000211794936000158PDG MASB EMPREENDIMENTOS IMOBILIARIOS SPAvenida Paulista,1374-13º e 14º andar               01310100                                                            000013
1                   000902692011248461-9753                   0000000000000009753800000000002               019753      25041400000000363500000000012N010414120000000000001210000000000000000000000000000000000000000000000210973245000159GOLD GANA EMPREENDIMENTOS IMOBILIARIOS SAvenida Paulista,1374-13º e 14º andar               01310100                                                            000014
1                   000902692011248461-9754                   0000000000000009754600000000002               019754      25041400000000112000000000012N010414120000000000000370000000000000000000000000000000000000000000000211837146000102PDG SP 4 INCORPORAÇÕES SPE LTDA         Avenida Paulista,1374-13º e 14º andar               01310100                                                            000015
1                   000902692011248461-9755                   0000000000000009755400000000002               019755      25041400000000056000000000012N010414120000000000000190000000000000000000000000000000000000000000000211444235000199GOLDFARB 38 EMPREEDIMENTOS IMOBILIARIOS Avenida Paulista,1374-13º e 14º andar               01310100                                                            000016
1                   000902692011248461-9756                   0000000000000009756200000000002               019756      25041400000000256200000000012N010414120000000000000850000000000000000000000000000000000000000000000208536102000138CONQUISTA EMPREENDIMENTOS IMOBILIARIOS SAvenida Paulista,1374-13º e 14º andar               01310100                                                            000017
1                   000902692011248461-9757                   0000000000000009757000000000002               019757      25041400000000391000000000012N010414120000000000001300000000000000000000000000000000000000000000000207698561000155CONDESSA EMPREENDIMENTOS IMOBILIARIOS LTAvenida Paulista,1374-13º e 14º andar               01310100                                                            000018
1                   000902692011248461-9758                   0000000000000009758900000000002               019758      25041400000000214500000000012N010414120000000000000720000000000000000000000000000000000000000000000212424512000164STXROCK 10 DESENVOLVIMENTO IMOBILIARIO SAvenida Paulista,1374-13º e 14º andar               01310100                                                            000019
1                   000902692011248461-9759                   0000000000000009759700000000002               019759      25041400000000046500000000012N010414120000000000000160000000000000000000000000000000000000000000000209185024000137GOLD IRLANDA EMPREENDIMENTO IMOBILIARIOSAvenida Paulista,1374-13º e 14º andar               01310100                                                            000020
1                   000902692011248461-9760                   0000000000000009760000000000002               019760      25041400000000056000000000012N010414120000000000000190000000000000000000000000000000000000000000000211134271000156GOLDFARB 6 EMPREENDIMENTO IJMOBILIAIO LTAvenida Paulista,1374-13º e 14º andar               01310100                                                            000021
1                   000902692011248461-9761                   0000000000000009761900000000002               019761      25041400000000056000000000012N010414120000000000000190000000000000000000000000000000000000000000000207960724000126WAURA EMPREENDIMENTOS IMOBILIARIOS LTDA Avenida Paulista,1374-13º e 14º andar               01310100                                                            000022
1                   000902692011248461-9762                   0000000000000009762700000000002               019762      25041400000002153700000000012N010414120000000000007180000000000000000000000000000000000000000000000208166369000180COSTA DO CAPARICA ADMINISTRAÇÃO DE BENS Avenida Paulista,1374-13º e 14º andar               01310100                                                            000023
1                   000902692011248461-9763                   0000000000000009763500000000002               019763      25041400000000400500000000012N010414120000000000001340000000000000000000000000000000000000000000000211405518000121GOLDFARB 25 EMPREENDIMENTO IMOBILIARIO LAvenida Paulista,1374-13º e 14º andar               01310100                                                            000024
1                   000902692011248461-9764                   0000000000000009764300000000002               019764      25041400000000530500000000012N010414120000000000001770000000000000000000000000000000000000000000000207421434000104JARDIM DAS VERTENCES INCOPORADORA SPE LTAvenida Paulista,1374-13º e 14º andar               01310100                                                            000025
1                   000902692011248461-9765                   0000000000000009765100000000002               019765      25041400000000056000000000012N010414120000000000000190000000000000000000000000000000000000000000000208669569000156DRACO INCORPORADORA LTDA                Avenida Paulista,1374-13º e 14º andar               01310100                                                            000026
1                   000902692011248461-9766                   0000000000000009766P00000000002               019766      25041400000000056000000000012N010414120000000000000190000000000000000000000000000000000000000000000211837237000148PDG SP 5 INCORPORAÇÕES SPE LTDA         Avenida Paulista,1374-13º e 14º andar               01310100                                                            000027
1                   000902692011248461-9767                   0000000000000009767800000000002               019767      25041400000000298000000000012N010414120000000000000990000000000000000000000000000000000000000000000211837131000144PDG SP 2 INCORPORAÇÕES SPE LTDA         Avenida Paulista,1374-13º e 14º andar               01310100                                                            000028
1                   000902692011248461-9768                   0000000000000009768600000000002               019768      25041400000000056000000000012N010414120000000000000190000000000000000000000000000000000000000000000209185079000147GOLD NIGÉRIA EMPREENDIMENTOS IMOBILIARIOAvenida Paulista,1374-13º e 14º andar               01310100                                                            000029
1                   000902692011248461-9769                   0000000000000009769400000000002               019769      11041400000000040000000000012N010414120000000000000130000000000000000000000000000000000000000000000253283180000122Tesheiner Cavassani e Giacomazi AdvogadoRua João Adolfo,118-Conj. 405                       01050020                                                            000030
1                   000902692011248461-9770                   0000000000000009770800000000002               019770      11041400000000300000000000012N010414120000000000001000000000000000000000000000000000000000000000000210377191000169ACM ASSESSORIA CONTABIL LTDA            Avenida Capitão Mário Toledo de Camargo,            09170150                                                            000031
1                   000902692011248461-9771                   0000000000000009771600000000002               019771      25041400000000046500000000012N010414120000000000000160000000000000000000000000000000000000000000000210899967000100GOLD LEROS EMPREENDIMENTOS IMOBILIARIOS Avenida Paulista,1374-13º e 14º andar               01310100                                                            000032
1                   000902692011248461-9772                   0000000000000009772400000000002               019772      25041400000000061200000000012N010414120000000000000200000000000000000000000000000000000000000000000208982379000194GOLD ACRE EMPREENDIMENTOS IMOBILIARIOS SAvenida Paulista,1374-13º e 14º andar               01310100                                                            000033
1                   000902692011248461-9773                   0000000000000009773200000000002               019773      25041400000000183600000000012N010414120000000000000610000000000000000000000000000000000000000000000208188603000170ELTANIN INCORPORADORA LTDA              Avenida Paulista,1374-13º e 14º andar               01310100                                                            000034
1                   000902692011248461-9774                   0000000000000009774000000000002               019774      25041400000000102500000000012N010414120000000000000340000000000000000000000000000000000000000000000212424512000164STXROCK 10 DESENVOLVIMENTO IMOBILIARIO SAvenida Paulista,1374-13º e 14º andar               01310100                                                            000035
1                   000902692011248461-9775                   0000000000000009775900000000002               019775      25041400000000102500000000012N010414120000000000000340000000000000000000000000000000000000000000000210973245000159GOLD GANA EMPREENDIMENTOS IMOBILIARIOS SAvenida Paulista,1374-13º e 14º andar               01310100                                                            000036
1                   000902692011248461-9776                   0000000000000009776700000000002               019776      25041400000000146600000000012N010414120000000000000490000000000000000000000000000000000000000000000207273982000134PEREIRA BARRETO EMPREENDIMENTOS IMOBILIAAvenida Paulista,1374-13º e 14º andar               01310100                                                            000037
1                   000902692011248461-9777                   0000000000000009777500000000002               019777      12041400000000050000000000012N020414120000000000000170000000000000000000000000000000000000000000000209162393000104Pakai-COndini Gestão de negócios e AdminRua Cerro Corá,1969-Sala 3                          05061350                                                            000038
1                   000902692011248461-9778                   0000000000000009778300000000002               019778      12041400000000242000000000012N020414120000000000000810000000000000000000000000000000000000000000000262232889000190Banco Daycoval S/A                      Avenida Paulista ,1793-02º Andar                    01311200                                                            000039
1                   000902692011248461-9779                   0000000000000009779100000000002               019779      12041400000000233000000000012N020414120000000000000780000000000000000000000000000000000000000000000262232889000190Banco Daycoval S/A                      Avenida Paulista ,1793-02º Andar                    01311200                                                            000040
1                   000902692011248461-9780                   0000000000000009780500000000002               019780      12041400000000226000000000012N020414120000000000000750000000000000000000000000000000000000000000000200360305025441104 Caixa Econômica Federal             RUA: Joaquim Floriano,,446                          04534002                                                            000041
1                   000902692011248461-9781                   0000000000000009781300000000002               019781      12041400000000226000000000012N020414120000000000000750000000000000000000000000000000000000000000000200360305025441104 Caixa Econômica Federal             Rua Joaquim Floriano, ,446                          04534002                                                            000042
1                   000902692011248461-9782                   0000000000000009782100000000002               019782      13041400000000226000000000012N030414120000000000000750000000000000000000000000000000000000000000000200360305025441104 Caixa Econômica Federal             RUA: Joaquim Floriano,,446                          04534002                                                            000043
1                   000902692011248461-9783                   0000000000000009783P00000000002               019783      13041400000000226000000000012N030414120000000000000750000000000000000000000000000000000000000000000200360305025441104 Caixa Econômica Federal             RUA: Joaquim Floriano, ,446                         04534002                                                            000044
1                   000902692011248461-9784                   0000000000000009784800000000002               019784      17061400000015000000000000012N030414000000000000000000000000000000000000000000000000000000000000000100048068650259Aline Claudia Rodrigues Vinueza         Rua Paraná n° 516                                   28890000Taxa de Franquia -  Macaé LJ 02/RJ 1ª PARC.                 000045
1                   000902692011248461-9785                   0000000000000009785600000000002               019785      15071400000015000000000000012N030414000000000000000000000000000000000000000000000000000000000000000100048088650259Aline Claudia Rodrigues Vinueza         Rua Paraná n° 516                                   28890000Taxa de Franquia -  Macaé LJ 02/RJ 2ª PARC.                 000046
1                   000902692011248461-9786                   0000000000000009786400000000002               019786      15081400000015000000000000012N030414000000000000000000000000000000000000000000000000000000000000000100048068650259Aline Claudia Rodrigues Vinueza         Rua Paraná n° 516                                   28890000Taxa de Franquia -  MACAÉ LJ 02/RJ  3ª PARC.                000047
1                   000902692011248461-9440                   0000000000000009440700000000002               319440      07041400000000170090000000012N1902141200000000000100000000000000000000000000000000000000000000000002000000005070911 Banco do Brasil S.A.                  Rua Doutor César - de 0449/450 a 799/080            02013002                                                            000048
1                   000902692011248461-9440                   0000000000000009440700000000002               319440      07041400000000316250000000012N1902141200000000000100000000000000000000000000000000000000000000000002000000005070911 Banco do Brasil S.A.                  Rua Doutor César - de 0449/450 a 799/080            02013002                                                            000049
1                   000902692011248461-9700                   0000000000000009700700000000002               029700      21031400000040000000000000012N170314000000000000000000000000000000000000000000000000000000000000000100034420061200Carla Cintia Ramos de Alencar Silva     Av Ephigenio Sales, 2240/A  apto 153                69060020Taxa de Franquia - Manaus/AM 1ª Parc.                       000050
1                   000902692011248461-9440                   0000000000000009440700000000002               069440      07041400000000316250000000012N1902141200000000000100000000000000000000000000000000000000000000000002000000005070911 Banco do Brasil S.A.                  Rua Doutor César - de 0449/450 a 799/080            02013002                                                            000051
1                   000902692011248461-9348                   0000000000000009348600000000002               069348      07041400000000176000000000012N060214120000000000010000000000000000000000000000000000000000000000000262232889000190Banco Daycoval S/A                      Avenida Paulista ,1793-02º Andar                    01311200                                                            000052
1                   000902692011248461-9469                   0000000000000009469500000000002               029469      08031400000000326700000000012N260214120000000000010000000000000000000000000000000000000000000000000262232889000190Banco Daycoval S/A                      Avenida Paulista ,1793-02º Andar                    01311200                                                            000053
1                   000902692011248461-9439                   0000000000000009439300000000002               069439      02041400000001037500000000012N190214060500000000000000000000000000000000000000000000000000000000000213845551000106MACEDO & MELO INTERMEDIACOES CARTORARIASRUA LIZANDRO NOGUEIRA                               64000200ACORDO ROYALTIES 3/3                                        000054
1                   000902692011248461-9701                   0000000000000009701500000000002               029701      22041400000020000000000000012N170314000000000000000000000000000000000000000000000000000000000000000100034420061200Carla Cintia Ramos de Alencar Silva     Av Ephigenio Sales, 2240/A  apto 153                69060020Taxa de Franquia - Manaus/AM 2ª Parc.                       000055
1                   000902692011248461-9702                   0000000000000009702300000000002               029702      21051400000020000000000000012N170314000000000000000000000000000000000000000000000000000000000000000100034420061200Carla Cintia Ramos de Alencar Silva     Av Ephigenio Sales, 2240/A  apto 153                69060020Taxa de Franquia - Manaus/AM 3ª Parc.                       000056
9                                                                                                                                                                                                                                                                                                                                                                                                         000057