01REMESSA01COBRANCA       00000000000004130991SISTEMA DE CARTÛRIO CERTIDıES 237BRADESCO       040614        MX0000724                                                                                                                                                                                                                                                                                     000001
1                   000902692011248461-10486                  0000000000000010486000000000002               0110486     14061400000020000000000000012N040614000000000000000000000000000000000000000000000000000000000000000100049259679168MOACIR MOREIRA DA SILVA 	               Rua 22, n∞ 352                                      76380000TAXA DE FRANQUIA - AN¡POLIS                                 000002
9                                                                                                                                                                                                                                                                                                                                                                                                         000003