01REMESSA01COBRANCA       00000000000004130991SISTEMA DE CARTóRIO CERTIDõES 237BRADESCO       040614        MX0000723                                                                                                                                                                                                                                                                                     000001
1                   000902692011248461-10438                  0000000000000010438000000000002               0110438     06061400000010000000000000012N020614000000000000000000000000000000000000000000000000000000000000000100006567075180CLAUDINEI DA SILVA CARVALHO             RUA MARCOS DA LUZ, 311                              76980000Taxa de Franquia - Vilhena e Colorado/RO 2ª PARC.           000002
1                   000902692011248461-10439                  0000000000000010439900000000002               0110439     06061400000010000000000000012N020614000000000000000000000000000000000000000000000000000000000000000100006567075180CLAUDINEI DA SILVA CARVALHO             RUA MARCOS DA LUZ, 311                              76980000Taxa de Franquia - Vilhena e Colorado/RO 3ª PARC.           000003
1                   000902692011248461-10440                  0000000000000010440200000000002               0110440     06061400000010000000000000012N020614000000000000000000000000000000000000000000000000000000000000000100006567075180CLAUDINEI DA SILVA CARVALHO             RUA MARCOS DA LUZ, 311                              76980000Taxa de Franquia - Vilhena e Colorado/RO 4ª PARC.           000004
1                   000902692011248461-10441                  0000000000000010441000000000002               0110441     12061400000000230000000000012N020614120000000000000770000000000000000000000000000000000000000000000262232889000190Banco Daycoval S/A                      Avenida Paulista ,1793-02º Andar                    01311200                                                            000005
1                   000902692011248461-10442                  0000000000000010442900000000002               0110442     12061400000000188000000000012N020614120000000000000630000000000000000000000000000000000000000000000216587135000135SBA Torres Brasil, Limitada             Alameda Madeira,222-15º andar                       06454010                                                            000006
1                   000902692011248461-10443                  0000000000000010443700000000002               0110443     12061400000000600000000000012N020614120000000000002000000000000000000000000000000000000000000000000262232889000190Banco Daycoval S/A                      Avenida Paulista ,1793-02º Andar                    01311200                                                            000007
1                   000902692011248461-10444                  0000000000000010444500000000002               0110444     12061400000000953400000000012N020614120000000000003180000000000000000000000000000000000000000000000262232889000190Banco Daycoval S/A                      Avenida Paulista ,1793-02º Andar                    01311200                                                            000008
1                   000902692011248461-10445                  0000000000000010445300000000002               0110445     12061400000001359300000000012N020614120000000000004530000000000000000000000000000000000000000000000262232889000190Banco Daycoval S/A                      Avenida Paulista ,1793-02º Andar                    01311200                                                            000009
1                   000902692011248461-10446                  0000000000000010446100000000002               0110446     12061400000000151000000000012N020614120000000000000500000000000000000000000000000000000000000000000201190978000126ITALIA COMERCIAL TEXTIL LTDA ME         Rua Barão de Itapetininga ,298-04º Andar            01042001                                                            000010
1                   000902692011248461-10447                  0000000000000010447P00000000002               0110447     12061400000000176000000000012N020614120000000000000590000000000000000000000000000000000000000000000262232889000190Banco Daycoval S/A                      Avenida Paulista ,1793-02º Andar                    01311200                                                            000011
1                   000902692011248461-10448                  0000000000000010448800000000002               0110448     12061400000000719050000000012N020614120000000000002400000000000000000000000000000000000000000000000262232889000190Banco Daycoval S/A                      Avenida Paulista ,1793-02º Andar                    01311200                                                            000012
1                   000902692011248461-10449                  0000000000000010449600000000002               0110449     12061400000000300000000000012N020614120000000000001000000000000000000000000000000000000000000000000200360305321687104 Caixa Econômica Federal             Avenida Dona Belmira Marin,1117                     04846010                                                            000013
1                   000902692011248461-10450                  0000000000000010450P00000000002               0110450     25061400000001029520000000012N030614120000000000003430000000000000000000000000000000000000000000000207273982000134PEREIRA BARRTEO EMPREENDIMENTOS IMOBILIÁAvenida Paulista,1374-13º e 14º andar               01310100                                                            000014
1                   000902692011248461-10451                  0000000000000010451800000000002               0110451     25061400000000752540000000012N030614120000000000002510000000000000000000000000000000000000000000000207421434000104JARDINS DAS VERTENTES INCORPORADORA SPE Avenida Paulista,1374-13º e 14º andar               01310100                                                            000015
1                   000902692011248461-10452                  0000000000000010452600000000002               0110452     25061400000000112000000000012N030614120000000000000370000000000000000000000000000000000000000000000207698561000155CONDESSA EMPREENDIMENTOS IMOBILIRIA LTDAAvenida Paulista,1374-13º e 14º andar               01310100                                                            000016
1                   000902692011248461-10453                  0000000000000010453400000000002               0110453     25061400000000056000000000012N030614120000000000000190000000000000000000000000000000000000000000000207960724000126WAURÁ EMPREENDIMENTOS IMOBILIÁRIO LTDA  Avenida Paulista,1374-13º e 14º andar               01310100                                                            000017
1                   000902692011248461-10454                  0000000000000010454200000000002               0110454     25061400000002182760000000012N030614120000000000007280000000000000000000000000000000000000000000000208156644000185PENIDRE ADMINISTRAÇÃO DE BENS LTDA      Avenida Paulista,1374-13º e 14º andar               01310100                                                            000018
1                   000902692011248461-10455                  0000000000000010455000000000002               0110455     25061400000000298000000000012N030614120000000000000990000000000000000000000000000000000000000000000208156644000185PENIDRE ADMINISTRACAO DE BENS LTDA      Avenida Paulista,1374-13º e 14º andar               01310100                                                            000019
1                   000902692011248461-10456                  0000000000000010456900000000002               0110456     25061400000000232000000000012N030614120000000000000770000000000000000000000000000000000000000000000208188603000170ELTANIN INCORPORADORA LTDA              Avenida Paulista,1374-13º e 14º andar               01310100                                                            000020
1                   000902692011248461-10457                  0000000000000010457700000000002               0110457     25061400000000056000000000012N030614120000000000000190000000000000000000000000000000000000000000000208347261000194Tangará Investimentos Imobiliários Ltda Avenida Paulista,1374-13º e 14º andar               01310100                                                            000021
1                   000902692011248461-10458                  0000000000000010458500000000002               0110458     25061400000000170800000000012N030614120000000000000570000000000000000000000000000000000000000000000208528163000153GOLD ACRE EMPREENDIMENTOS IMOBILIÁRIO SPAvenida Paulista,1374-13º e 14º andar               01310100                                                            000022
1                   000902692011248461-10459                  0000000000000010459300000000002               0110459     25061400000000170800000000012N030614120000000000000570000000000000000000000000000000000000000000000208536102000138CONQUISTA EMPREENDIMENTOS IMOBILIARIO SPAvenida Paulista,1374-13º e 14º andar               01310100                                                            000023
1                   000902692011248461-10460                  0000000000000010460700000000002               0110460     25061400000000056000000000012N030614120000000000000190000000000000000000000000000000000000000000000208658566000117GOLD MADRI EMPREENDIMENTOS IMOBILIARIOS Avenida Paulista,1374-13º e 14º andar               01310100                                                            000024
1                   000902692011248461-10461                  0000000000000010461500000000002               0110461     25061400000000112000000000012N030614120000000000000370000000000000000000000000000000000000000000000208991529000126GOLD MARILIA EMPREENDIMENTOS IMOBILIARIOAvenida Paulista,1374-13º e 14º andar               01310100                                                            000025
1                   000902692011248461-10462                  0000000000000010462300000000002               0110462     25061400000000056000000000012N030614120000000000000190000000000000000000000000000000000000000000000208994068000145GOLD PANAMA EMPREENDIMENTOS IMOBILIARIOSAvenida Paulista,1374-13º e 14º andar               01310100                                                            000026
1                   000902692011248461-10463                  0000000000000010463100000000002               0110463     25061400000000102500000000012N030614120000000000000340000000000000000000000000000000000000000000000208995916000130RAGUSA EMPREENDIMENTOS IMOBILIARIOS LTDAAvenida Paulista,1374-13º e 14º andar               01310100                                                            000027
1                   000902692011248461-10464                  0000000000000010464P00000000002               0110464     25061400000000410000000000012N030614120000000000001370000000000000000000000000000000000000000000000209185079000147GOLG NIGERIA EMPREENDIMENTO IMOBILIARIOSAvenida Paulista,1374-13º e 14º andar               01310100                                                            000028
1                   000902692011248461-10465                  0000000000000010465800000000002               0110465     25061400000000363500000000012N030614120000000000001210000000000000000000000000000000000000000000000209665940000174GOLD FOLEGRANDOS E,PREENDIMENTOS IMOBILIAvenida Paulista,1374-13º e 14º andar               01310100                                                            000029
1                   000902692011248461-10466                  0000000000000010466600000000002               0110466     25061400000000512500000000012N030614120000000000001710000000000000000000000000000000000000000000000210899967000100GOLD LEROS EMPREENDIMENTOS IMOBILIARIOS Avenida Paulista,1374-13º e 14º andar               01310100                                                            000030
1                   000902692011248461-10467                  0000000000000010467400000000002               0110467     25061400000000112000000000012N030614120000000000000370000000000000000000000000000000000000000000000210973245000159GOLD GANA EMPREENDIMENTOS IMOBILIÁRIO VSAvenida Paulista,1374-13º e 14º andar               01310100                                                            000031
1                   000902692011248461-10468                  0000000000000010468200000000002               0110468     25061400000000251500000000012N030614120000000000000840000000000000000000000000000000000000000000000211134271000156GOLDFARB 6 EMPREENDIMENTO IMOBILIARIO LTAvenida Paulista,1374-13º e 14º andar               01310100                                                            000032
1                   000902692011248461-10469                  0000000000000010469000000000002               0110469     25061400000002567900000000012N030614120000000000008560000000000000000000000000000000000000000000000211405518000121GOLDFARB 25 EMPREENDIMENTO IMOBILIARIOS Avenida Paulista,1374-13º e 14º andar               01310100                                                            000033
1                   000902692011248461-10470                  0000000000000010470400000000002               0110470     25061400000000716100000000012N030614120000000000002390000000000000000000000000000000000000000000000211444235000199GOLD FARB 38 EMPREENDIMENTOS IMOBILIARIOAvenida Paulista,1374-13º e 14º andar               01310100                                                            000034
1                   000902692011248461-10471                  0000000000000010471200000000002               0110471     25061400000000307500000000012N030614120000000000001030000000000000000000000000000000000000000000000211794936000158PDG MASB EMPREENDIMENTO IMOBILIARIO SPE Avenida Paulista,1374-13º e 14º andar               01310100                                                            000035
1                   000902692011248461-10472                  0000000000000010472000000000002               0110472     25061400000000214500000000012N030614120000000000000720000000000000000000000000000000000000000000000211837131000144PDG SP 2 INCORPORAÇÕES SPE LTDA         Avenida Paulista,1374-13º e 14º andar               01310100                                                            000036
1                   000902692011248461-10473                  0000000000000010473900000000002               0110473     25061400000000056000000000012N030614120000000000000190000000000000000000000000000000000000000000000211837146000102PDG SP 4 INCORPORAÇÕES SPE LTDA         Avenida Paulista,1374-13º e 14º andar               01310100                                                            000037
1                   000902692011248461-10474                  0000000000000010474700000000002               0110474     25061400000000056000000000012N030614120000000000000190000000000000000000000000000000000000000000000211837193000156PDG SP 6 INCORPORAÇÃOES SPE LTDA        Avenida Paulista,1374-13º e 14º andar               01310100                                                            000038
1                   000902692011248461-10475                  0000000000000010475500000000002               0110475     25061400000000139500000000012N030614120000000000000470000000000000000000000000000000000000000000000212424512000164STXROCK 10 DESENVOLVIMENTO IMOBILIARIO  Avenida Paulista,1374-13º e 14º andar               01310100                                                            000039
1                   000902692011248461-10476                  0000000000000010476300000000002               0110476     25061400000001311530000000012N030614120000000000004370000000000000000000000000000000000000000000000212436890000168JLO BROOKLIN EMPREENDIMENTOS IMOBILIARIOAvenida Paulista,1374-13º e 14º andar               01310100                                                            000040
1                   000902692011248461-10477                  0000000000000010477100000000002               0110477     25061400000000102500000000012N030614120000000000000340000000000000000000000000000000000000000000000208156644000185PENIDRE ADMINISTRACAO DE BENS LTDA      Avenida Paulista,1374-13º e 14º andar               01310100                                                            000041
1                   000902692011248461-10478                  0000000000000010478P00000000002               0110478     25061400000000056000000000012N030614120000000000000190000000000000000000000000000000000000000000000201701201000189GOLDFARB 38 EMPREENDIMENTOS IMOBILIÁRIOSAvenida Paulista,1374-13º e 14º andar               01310100                                                            000042
1                   000902692011248461-10479                  0000000000000010479800000000002               0110479     13061400000000150000000000012N030614120000000000000500000000000000000000000000000000000000000000000217184037010506389 Banco Mercantil do Brasil S.A.      Avenida Paulista ,923                               01311100                                                            000043
1                   000902692011248461-10480                  0000000000000010480100000000002               0110480     10061400000000088660000000012N030614000000000000000000000000000000000000000000000000000000000000000207938950000100FABIO LUCAS DOS SANTOS CONFECÇÕES - ME  Rua Manuel Alves da Rocha, 435                      08235620CUSTAS ADICIONAIS DA ORDEM #295941/1                        000044
1                   000902692011248461-10481                  0000000000000010481P00000000002               0110481     14061400000000120000000000012N040614120000000000000400000000000000000000000000000000000000000000000201190978000126ITALIA COMERCIAL TEXTIL LTDA ME         Rua Barão de Itapetininga ,298-04º Andar            01042001                                                            000045
1                   000902692011248461-10482                  0000000000000010482800000000002               0110482     14061400000000060000000000012N040614120000000000000200000000000000000000000000000000000000000000000212721508000168IBRAHIM EL TURK PLANEJADOS              Avenida Águia de Haia ,1359                         03694000                                                            000046
1                   000902692011248461-10483                  0000000000000010483600000000002               0110483     14061400000000330000000000012N040614120000000000001100000000000000000000000000000000000000000000000262232889000190Banco Daycoval S/A                      Avenida Paulista ,1793-02º Andar                    01311200                                                            000047
1                   000902692011248461-10484                  0000000000000010484400000000002               0110484     14061400000000567250000000012N040614120000000000001890000000000000000000000000000000000000000000000216587135000135SBA Torres Brasil, Limitada             Alameda Madeira,222-15º andar                       06454010                                                            000048
1                   000902692011248461-10485                  0000000000000010485200000000002               0110485     25061400000000056000000000012N040614000000000000000000000000000000000000000000000000000000000000000208347261000194Tangará Investimentos Imobiliários Ltda Avenida Paulista, 1374 13º e 14º andar              01310100                                                            000049
1                   000902692011248461-10401                  0000000000000010401100000000002               3110401     31051400000000180400000000012N210514120000000000010000000000000000000000000000000000000000000000000217184037010506389 Banco Mercantil do Brasil S.A.      Avenida Paulista ,923                               01311100                                                            000050
1                   000902692011248461-10436                  0000000000000010436400000000002               0610436     13061400000030000000000000012N300514000000000000000000000000000000000000000000000000000000000000000100002624773789PAULO HENRIQUE FERREIRA                 Rua Bartolomeu Portela, 35 apto. 26                 22290190TAXA DE FRANQUIA URCA- RIO DE JANEIRO/RJ                    000051
1                   000902692011248461-10079                  0000000000000010079200000000002               3110079     26051400000002034220000000012N050514120000000000010000000000000000000000000000000000000000000000000208982379000194GOLD ACRE EMPREENDIMENTOS IMOBILIARIOS SAvenida Paulista,1374-13º e 14º andar               01310100                                                            000052
9                                                                                                                                                                                                                                                                                                                                                                                                         000053