01REMESSA01COBRANCA       00000000000004130991SISTEMA DE CARTóRIO CERTIDõES 237BRADESCO       050514        MX0000714                                                                                                                                                                                                                                                                                     000001
1                   000902692011248461-10047                  0000000000000010047400000000002               0110047     10051400000001816310000000012N300414120000000000006050000000000000000000000000000000000000000000000253283180000122Tesheiner Cavassani e Giacomazi AdvogadoRua João Adolfo,118-Conj. 405                       01050020                                                            000002
1                   000902692011248461-10048                  0000000000000010048200000000002               0110048     10051400000000120000000000012N300414120000000000000400000000000000000000000000000000000000000000000212721508000168IBRAHIM EL TURK PLANEJADOS              Avenida Águia de Haia,1359                          03694000                                                            000003
1                   000902692011248461-10049                  0000000000000010049000000000002               0110049     10051400000000160600000000012N300414120000000000000540000000000000000000000000000000000000000000000262232889000190Banco Daycoval S/A                      Avenida Paulista ,1793-02º Andar                    01311200                                                            000004
1                   000902692011248461-10050                  0000000000000010050400000000002               0110050     10051400000001201700000000012N300414120000000000004010000000000000000000000000000000000000000000000262232889000190Banco Daycoval S/A                      Avenida Paulista ,1793-02º Andar                    01311200                                                            000005
1                   000902692011248461-10051                  0000000000000010051200000000002               0110051     10051400000000330000000000012N300414120000000000001100000000000000000000000000000000000000000000000262232889000190Banco Daycoval S/A                      Avenida Paulista ,1793-02º Andar                    01311200                                                            000006
1                   000902692011248461-10052                  0000000000000010052000000000002               0110052     22051400000000950000000000012N020514000000000000000000000000000000000000000000000000000000000000000210686832000167D E F COIMBRA LTDA -ME                  Tv. Turiano Meira 33                                68005430                                                            000007
1                   000902692011248461-10053                  0000000000000010053900000000002               0110053     15051400000000150000000000012N050514120000000000000500000000000000000000000000000000000000000000000100017683448842LUIS MARTINS NETTO                      Rua Júlio Ribeiro,243-LOJA 224                      03010030                                                            000008
1                   000902692011248461-10054                  0000000000000010054700000000002               0110054     15051400000000100000000000012N050514120000000000000330000000000000000000000000000000000000000000000217184037010506389 Banco Mercantil do Brasil S.A.      Avenida Paulista ,923                               01311100                                                            000009
1                   000902692011248461-10055                  0000000000000010055500000000002               0110055     15051400000000188000000000012N050514120000000000000630000000000000000000000000000000000000000000000216587135000135SBA Torres Brasil, Limitada             Avenida das Nações Unidas,11.857-7º Anda            04795100                                                            000010
1                   000902692011248461-10056                  0000000000000010056300000000002               0110056     15051400000000180400000000012N050514120000000000000600000000000000000000000000000000000000000000000217184037010506389 Banco Mercantil do Brasil S.A.      Avenida Paulista ,923                               01311100                                                            000011
1                   000902692011248461-10057                  0000000000000010057100000000002               0110057     15051400000000115000000000012N050514120000000000000380000000000000000000000000000000000000000000000249068737000135EMPRESA DE ÔNIBUS VILA GALVÃO           RODOVIA PRESIDENTE DUTRA ,KM223                     07034000                                                            000012
1                   000902692011248461-10058                  0000000000000010058P00000000002               0110058     15051400000000330000000000012N050514120000000000001100000000000000000000000000000000000000000000000262232889000190Banco Daycoval S/A                      Avenida Paulista ,1793-02º Andar                    01311200                                                            000013
1                   000902692011248461-10059                  0000000000000010059800000000002               0110059     26051400000000214500000000012N050514120000000000000720000000000000000000000000000000000000000000000211134271000156GOLDFARB 6 EMPREENDIMENTO IJMOBILIAIO LTAvenida Paulista,1374-13º e 14º andar               01310100                                                            000014
1                   000902692011248461-10060                  0000000000000010060100000000002               0110060     26051400000000660500000000012N050514120000000000002200000000000000000000000000000000000000000000000212424512000164STXROCK 10 DESENVOLVIMENTO IMOBILIARIO SAvenida Paulista,1374-13º e 14º andar               01310100                                                            000015
1                   000902692011248461-10061                  0000000000000010061P00000000002               0110061     26051400000000056000000000012N050514120000000000000190000000000000000000000000000000000000000000000211837231000170PDG SP 9 INCORPORAÇÕES SPE LTDA         Avenida Paulista,1374-13º e 14º andar               01310100                                                            000016
1                   000902692011248461-10062                  0000000000000010062800000000002               0110062     26051400000000261000000000012N050514120000000000000870000000000000000000000000000000000000000000000211837146000102PDG SP 4 INCORPORAÇÕES SPE LTDA         Avenida Paulista,1374-13º e 14º andar               01310100                                                            000017
1                   000902692011248461-10063                  0000000000000010063600000000002               0110063     26051400000001292810000000012N050514120000000000004310000000000000000000000000000000000000000000000211794936000158PDG MASB EMPREENDIMENTOS IMOBILIARIOS SPAvenida Paulista,1374-13º e 14º andar               01310100                                                            000018
1                   000902692011248461-10064                  0000000000000010064400000000002               0110064     26051400000001835060000000012N050514120000000000006120000000000000000000000000000000000000000000000211444235000199GOLD FARB 38 EMPREENDIMENTOS IMOBILIARIOAvenida Paulista,1374-13º e 14º andar               01310100                                                            000019
1                   000902692011248461-10065                  0000000000000010065200000000002               0110065     26051400000004034560000000012N050514120000000000013450000000000000000000000000000000000000000000000211405518000121GOLDFARB 25 EMPREENDIMENTO IMOBILIARIO LAvenida Paulista,1374-13º e 14º andar               01310100                                                            000020
1                   000902692011248461-10066                  0000000000000010066000000000002               0110066     26051400000000056000000000012N050514120000000000000190000000000000000000000000000000000000000000000211405508000196GOLDFARB 19 EMPREENDIMENTO IMOBILIARIOS Avenida Paulista,1374-13º e 14º andar               01310100                                                            000021
1                   000902692011248461-10067                  0000000000000010067900000000002               0110067     26051400000000195500000000012N050514120000000000000650000000000000000000000000000000000000000000000211403677000197LBC EMPREENDIMENTO IMOBILIARIO SPE LTDA Avenida Paulista,1374-13º e 14º andar               01310100                                                            000022
1                   000902692011248461-10068                  0000000000000010068700000000002               0110068     26051400000000056000000000012N050514120000000000000190000000000000000000000000000000000000000000000211134271000156GOLDFARB 6 EMPREENDIMENTO IJMOBILIAIO LTAvenida Paulista,1374-13º e 14º andar               01310100                                                            000023
1                   000902692011248461-10069                  0000000000000010069500000000002               0110069     26051400000000214500000000012N050514120000000000000720000000000000000000000000000000000000000000000210973245000159GOLD GANA EMPREENDIMENTOS IMOBILIARIOS SAvenida Paulista,1374-13º e 14º andar               01310100                                                            000024
1                   000902692011248461-10070                  0000000000000010070900000000002               0110070     26051400000000410000000000012N050514120000000000001370000000000000000000000000000000000000000000000210899967000100GOLD LEROS EMPREENDIMENTOS IMOBILIARIOS Avenida Paulista,1374-13º e 14º andar               01310100                                                            000025
1                   000902692011248461-10071                  0000000000000010071700000000002               0110071     26051400000000317000000000012N050514120000000000001060000000000000000000000000000000000000000000000209665940000174GOLD FOLEGANDROS EMPRENDIMENTOS IMOBILIAAvenida Paulista,1374-13º e 14º andar               01310100                                                            000026
1                   000902692011248461-10072                  0000000000000010072500000000002               0110072     26051400000000419500000000012N050514120000000000001400000000000000000000000000000000000000000000000209185079000147GOLD NIGÉRIA EMPREENDIMENTOS IMOBILIARIOAvenida Paulista,1374-13º e 14º andar               01310100                                                            000027
1                   000902692011248461-10073                  0000000000000010073300000000002               0110073     26051400000000797360000000012N050514120000000000002660000000000000000000000000000000000000000000000208995916000130RAGUSA EMPREENDIMENTOS IMOBILIARIOS LTDAAvenida Paulista,1374-13º e 14º andar               01310100                                                            000028
1                   000902692011248461-10074                  0000000000000010074100000000002               0110074     05061400000010000000000000012N050514000000000000000000000000000000000000000000000000000000000000000100025516226899Ricardo Oliva Ferreira                  Rua Antonio Loureiro, 594 apto 81 bl D              04376110Taxa de Franquia - JABAQUARA/SP 2ª PARC.                    000029
1                   000902692011248461-10075                  0000000000000010075P00000000002               0110075     26051400000000577000000000012N050514120000000000001920000000000000000000000000000000000000000000000208994068000145GOLD PANAMA EMPREENDIMENTOS IMOBILIARIOSAvenida Paulista,1374-13º e 14º andar               01310100                                                            000030
1                   000902692011248461-10076                  0000000000000010076800000000002               0110076     07071400000010000000000000012N050514000000000000000000000000000000000000000000000000000000000000000100025516226899Ricardo Oliva Ferreira                  Rua Antonio Loureiro, 594 apto 81 bl D              04376110Taxa de Franquia - JABAQUARA/SP 3ª PARC.                    000031
1                   000902692011248461-10077                  0000000000000010077600000000002               0110077     05081400000010000000000000012N050514000000000000000000000000000000000000000000000000000000000000000100025516226899Ricardo Oliva Ferreira                  Rua Antonio Loureiro, 594 apto 81 bl D              04376110Taxa de Franquia - JABAQUARA/SP 4ª PARC.                    000032
1                   000902692011248461-10078                  0000000000000010078400000000002               0110078     26051400000000512500000000012N050514120000000000001710000000000000000000000000000000000000000000000208991529000126GOLD MARILIA EMPREENDIMENTOS IMOBILIARIOAvenida Paulista,1374-13º e 14º andar               01310100                                                            000033
1                   000902692011248461-10079                  0000000000000010079200000000002               0110079     26051400000001251940000000012N050514120000000000004170000000000000000000000000000000000000000000000208982379000194GOLD ACRE EMPREENDIMENTOS IMOBILIARIOS SAvenida Paulista,1374-13º e 14º andar               01310100                                                            000034
1                   000902692011248461-10080                  0000000000000010080600000000002               0110080     26051400000000056000000000012N050514120000000000000190000000000000000000000000000000000000000000000208669569000156DRACO INCORPORADORA LTDA                Avenida Paulista,1374-13º e 14º andar               01310100                                                            000035
1                   000902692011248461-10081                  0000000000000010081400000000002               0110081     26051400000000056000000000012N050514120000000000000190000000000000000000000000000000000000000000000208645691000192GOLD EGITO EMPREENDIMENTOS IMOBILIARIOS Avenida Paulista,1374-13º e 14º andar               01310100                                                            000036
9                                                                                                                                                                                                                                                                                                                                                                                                         000037