01REMESSA01COBRANCA       00000000000004130991SISTEMA DE CARTóRIO CERTIDõES 237BRADESCO       050814        MX0000737                                                                                                                                                                                                                                                                                     000001
1                   000902692011248461-11031                  0000000000000011031300000000002               0111031     25081400000001258040000000012N010814120000000000004190000000000000000000000000000000000000000000000207273982000134PEREIRA BARRETO EMPREENDIMENTOS IMOBILIAAvenida Paulista,1374-13º e 14º andar               01310100                                                            000002
1                   000902692011248461-11032                  0000000000000011032100000000002               0111032     25081400000001173920000000012N010814120000000000003910000000000000000000000000000000000000000000000207273982000134PEREIRA BARRETO EMPREENDIMENTOS IMOBILIAAvenida Paulista,1374-13º e 14º andar               01310100                                                            000003
1                   000902692011248461-11033                  0000000000000011033P00000000002               0111033     25081400000001147030000000012N010814120000000000003820000000000000000000000000000000000000000000000207421434000104JARDIM DAS VERTENTES INCORPORADORA SPE LAvenida Paulista,1374                               01310100                                                            000004
1                   000902692011248461-11034                  0000000000000011034800000000002               0111034     25081400000000550500000000012N010814120000000000001840000000000000000000000000000000000000000000000207698561000155CONDESSA EMPREENDIMENTOS IMOBILIARIOS LTAvenida Paulista,1374-13º e 14º andar               01310100                                                            000005
1                   000902692011248461-11035                  0000000000000011035600000000002               0111035     25081400000002569870000000012N010814120000000000008570000000000000000000000000000000000000000000000208156644000185PENIDRE ADMINISTRAÇÃO DE BENS LTDA      Avenida Paulista ,1374-13º andar                    01310100                                                            000006
1                   000902692011248461-11036                  0000000000000011036400000000002               0111036     25081400000000146600000000012N010814120000000000000490000000000000000000000000000000000000000000000208188599000140ELTANIN INCORPORADORA LTDA              Avenida Paulista,1374-13º e 14º andar               01310100                                                            000007
1                   000902692011248461-11037                  0000000000000011037200000000002               0111037     11081400000000512400000000012N010814120000000000001710000000000000000000000000000000000000000000000208188603000170ELTANIN INCORPORADORA LTDA              Avenida Paulista,1374-13º e 14º andar               01310100                                                            000008
1                   000902692011248461-11038                  0000000000000011038000000000002               0111038     25081400000000056000000000012N010814120000000000000190000000000000000000000000000000000000000000000208421706000139COLORE EMPREENDIMENTO IMOBILIÁRIO SPE S/Avenida Paulista,1374-13º e 14º andar               01310100                                                            000009
1                   000902692011248461-11039                  0000000000000011039900000000002               0111039     25081400000000085400000000012N010814120000000000000280000000000000000000000000000000000000000000000208536102000138CONQUISTA EMPREENDIMENTO IMOBILIÁRIO SPEAvenida Paulista,1374-13º e 14º andar               01310100                                                            000010
1                   000902692011248461-11040                  0000000000000011040200000000002               0111040     25081400000000085400000000012N010814120000000000000280000000000000000000000000000000000000000000000208689175000160PARQUE DO SOL EMPREENDIMENTO IMOBILIÁRIOAvenida Paulista,1374-13º e 14º andar               01310100                                                            000011
1                   000902692011248461-11041                  0000000000000011041000000000002               0111041     25081400000000793520000000012N010814120000000000002650000000000000000000000000000000000000000000000208982379000194GOLD ACRE EMPREENDIMENTOS IMOBILIÁRIO SPAvenida Paulista,1374-13º e 14º andar               01310100                                                            000012
1                   000902692011248461-11042                  0000000000000011042900000000002               0111042     25081400000000336000000000012N010814120000000000001120000000000000000000000000000000000000000000000208991529000126GOLD MARILIA EMPREENDIMENTOS IMOBILIARIOAvenida Paulista,1374-13º e 14º andar               01310100                                                            000013
1                   000902692011248461-11043                  0000000000000011043700000000002               0111043     25081400000000093000000000012N010814120000000000000310000000000000000000000000000000000000000000000208995916000130RAGUSA EMPREENDIMENTOS IMOBILIÁRIOS LTDAAvenida Paulista,1374-13º e 14º andar               01310100                                                            000014
1                   000902692011248461-11044                  0000000000000011044500000000002               0111044     25081400000000056000000000012N010814120000000000000190000000000000000000000000000000000000000000000209185079000147GOLD NIGÉRIA EMPREENDIMENTOS IMOBILIÁRIOAvenida Paulista,1374-13º e 14º andar               01310100                                                            000015
1                   000902692011248461-11045                  0000000000000011045300000000002               0111045     25081400000000056000000000012N010814120000000000000190000000000000000000000000000000000000000000000208156644000185PENIDRE ADMINISTRAÇÃO DE BENS LTDA      R GOMES DE CARVALHO 01510,6 ANDAR                   04547005                                                            000016
1                   000902692011248461-11046                  0000000000000011046100000000002               0111046     25081400000000214500000000012N010814120000000000000720000000000000000000000000000000000000000000000209665940000174GOLD FOLEGANDROS EMPREENDIMENTOS IMOBILIAvenida Paulista,1374-13º e 14º andar               01310100                                                            000017
1                   000902692011248461-11047                  0000000000000011047P00000000002               0111047     25081400000000168000000000012N010814120000000000000560000000000000000000000000000000000000000000000210899967000100GOLD LEROS EMPREENDIMENTOS IMOBILIARIOS Avenida Paulista,1374-13º e 14º andar               01310100                                                            000018
1                   000902692011248461-11048                  0000000000000011048800000000002               0111048     25081400000000112000000000012N010814120000000000000370000000000000000000000000000000000000000000000210973245000159GOLD GANA EMPREENDIMENTOS IMOBILIÁRIOS SAvenida Paulista,1374-13º e 14º andar               01310100                                                            000019
1                   000902692011248461-11049                  0000000000000011049600000000002               0111049     25081400000000112000000000012N010814120000000000000370000000000000000000000000000000000000000000000211134271000156GOLDFARB 6 EMPREENDIMENTO IMOBILIARIO LTAvenida Paulista,1374-13º e 14º andar               01310100                                                            000020
1                   000902692011248461-11050                  0000000000000011050P00000000002               0111050     25081400000000056000000000012N010814120000000000000190000000000000000000000000000000000000000000000211403677000197LBC EMPREENDIMENTO IMOBILIÁRIO SPE LTDA Avenida Paulista,1374-13º e 14º andar               01310100                                                            000021
1                   000902692011248461-11051                  0000000000000011051800000000002               0111051     25081400000000363500000000012N010814120000000000001210000000000000000000000000000000000000000000000211405518000121GOLDFARB 25 EMPREENDIMENTO IMOBILIARIO LAvenida Paulista,1374-13º andar                     01310100                                                            000022
1                   000902692011248461-11052                  0000000000000011052600000000002               0111052     25081400000000373000000000012N010814120000000000001240000000000000000000000000000000000000000000000211444235000199GOLDFARB 38 EMPREENDIMENTOS IMOBILIÁRIOSAvenida Paulista,1374-13º e 14º andar               01310100                                                            000023
1                   000902692011248461-11053                  0000000000000011053400000000002               0111053     25081400000000056000000000012N010814120000000000000190000000000000000000000000000000000000000000000211794936000158PDG MASB EMPRENDIMENTO IMOBILIÁRIO SPE LAvenida Paulista,1374-13º e 14º andar               01310100                                                            000024
1                   000902692011248461-11054                  0000000000000011054200000000002               0111054     25081400000000363500000000012N010814120000000000001210000000000000000000000000000000000000000000000212436890000168JLO BROOKLIN EMPREENDIMENTOS IMOBILIÁRIOAvenida Paulista,1374-13º e 14º andar               01310100                                                            000025
1                   000902692011248461-11055                  0000000000000011055000000000002               0111055     25081400000000298000000000012N010814120000000000000990000000000000000000000000000000000000000000000212424512000164STXROCK 10 DESENVOLVIMENTO IMOBILIÁRIO  Avenida Paulista,1374-13º e 14º andar               01310100                                                            000026
1                   000902692011248461-11056                  0000000000000011056900000000002               0111056     25081400000000214500000000012N010814120000000000000720000000000000000000000000000000000000000000000211837131000144PDG  SP 2 INCORPORAÇÃOES SPE LTDA       Avenida Paulista,1374-13º e 14º andar               01310100                                                            000027
1                   000902692011248461-11057                  0000000000000011057700000000002               0111057     25081400000000088000000000012N010814120000000000000290000000000000000000000000000000000000000000000214068577000140PDG SPE 15 EMPREENDIMENTOS IMOBILIARIOS Avenida Paulista,1374-13º e 14º andar               01310100                                                            000028
1                   000902692011248461-11058                  0000000000000011058500000000002               0111058     25081400000000056000000000012N010814120000000000000190000000000000000000000000000000000000000000000208528163000153GOLDFARB 6 EMPREENDIMENTO IMOBILIARIO LTAvenida Paulista,1374-13º e 14º andar               01310100                                                            000029
1                   000902692011248461-11059                  0000000000000011059300000000002               0111059     25081400000000056000000000012N010814120000000000000190000000000000000000000000000000000000000000000208528163000153GOLDFARB 38 EMPREENDIMENTOS IMOBILIÁRIOSAvenida Paulista,1374-13º e 14º andar               01310100                                                            000030
1                   000902692011248461-11060                  0000000000000011060700000000002               0111060     25081400000000085400000000012N010814120000000000000280000000000000000000000000000000000000000000000208528163000153GOLDFARB SERVIÇOS FINANCEIROS IMOBILIÁRIAvenida Paulista,1374-13º e 14º andar               01310100                                                            000031
1                   000902692011248461-11061                  0000000000000011061500000000002               0111061     11081400000001664650000000012N010814120000000000005550000000000000000000000000000000000000000000000217184037010506389 Banco Mercantil do Brasil S.A.      Avenida Paulista ,923                               01311100                                                            000032
1                   000902692011248461-11062                  0000000000000011062300000000002               0111062     11081400000000570000000000012N010814120000000000001900000000000000000000000000000000000000000000000262232889000190Banco Daycoval S/A                      Avenida Paulista ,1793-02º Andar                    01311200                                                            000033
1                   000902692011248461-11063                  0000000000000011063100000000002               0111063     08081400000000365110000000012N010814000000000000001220000000000000000000000000000000000000000000000111029315000188SUZAN CART CERTIDOES LTDA - ME          Rua Gal. Francisco Glicério,1185                    08674003Protesto após 5 dias                                        000034
1                   000902692011248461-11064                  0000000000000011064P00000000002               0111064     08081400000000608100000000012N010814000000000000002030000000000000000000000000000000000000000000000111163439000151RF-SERVICOS DE DOCUMENTACAO LTDA.       Av. Mal. Castelo Branco,173-A                       65076090Protesto após 5 dias                                        000035
1                   000902692011248461-11065                  0000000000000011065800000000002               0111065     08081400000001800000000000012N010814000000000000006000000000000000000000000000000000000000000000000110999668000148ASSESSORIA E CONSULTORIA DE DOCUMENTOS ER. Leopoldo Machado,242-Loja 02                     18035075Protesto após 5 dias                                        000036
1                   000902692011248461-11066                  0000000000000011066600000000002               0111066     08081400000001300000000000012N010814000000000000004330000000000000000000000000000000000000000000000111165549000152D´ VASQUEZ SERVIÇOS CARTORARIOS LTDA - EAv. Dr. João Guilhermino,293                        12210131Protesto após 5 dias                                        000037
1                   000902692011248461-11067                  0000000000000011067400000000002               0111067     08081400000000897890000000012N010814000000000000002990000000000000000000000000000000000000000000000111144435000126M&Z DOCUMENTOS CARTORÁRIOS LTDA         R. da Assembléia,10-12º Andar SL 1221               20011000Protesto após 5 dias                                        000038
1                   000902692011248461-11068                  0000000000000011068200000000002               0111068     08081400000001000000000000012N010814000000000000003330000000000000000000000000000000000000000000000114816778000188Oliveira Intermediação Cartorária LTDA MRua Delfino Cintra,500 AxB                          13020100Protesto após 5 dias                                        000039
1                   000902692011248461-11069                  0000000000000011069000000000002               0111069     08081400000000500000000000012N010814000000000000001670000000000000000000000000000000000000000000000111253279000131ÁGAPE SERVIÇOS E INTERMEDIAÇÕES CARTORÁRR. Gov. Pedro de Toledo,569                         13400070Protesto após 5 dias                                        000040
1                   000902692011248461-11070                  0000000000000011070400000000002               0111070     08081400000001000000000000012N010814000000000000003330000000000000000000000000000000000000000000000106058057000128CTPOST SERVIÇOS LTDA ME                 R. Chaves Barcelos,131                              90030120Protesto após 5 dias                                        000041
1                   000902692011248461-11071                  0000000000000011071200000000002               0111071     08081400000000149150000000012N010814000000000000000500000000000000000000000000000000000000000000000113238744000190ARCHANJO TEIXEIRA PREPARAÇÃO DE DOCUMENTAv. Brasil,1586-Loja 06                             30140003Protesto após 5 dias                                        000042
1                   000902692011248461-11072                  0000000000000011072000000000002               0111072     08081400000000241870000000012N010814000000000000000810000000000000000000000000000000000000000000000111675298000156MORANDO & MORANDO SERV TRANSCRIÇÃO DOCUMRua Tibiriçá,189                                    14010090Protesto após 5 dias                                        000043
1                   000902692011248461-11073                  0000000000000011073900000000002               0111073     08081400000000007500000000012N010814000000000000000030000000000000000000000000000000000000000000000111569240000128FLECK ASSESSORIA ADMINISTRATIVA LTDA    Avenida Tancredo Neves,385                          85805000Protesto após 5 dias                                        000044
1                   000902692011248461-11074                  0000000000000011074700000000002               0111074     08081400000000028500000000012N010814000000000000000100000000000000000000000000000000000000000000000111564744000155SARAIVA´S CONSULTORIA EMPRESARIAL LTDA  Rua Prefeito José Santana Trigueiro,183             32604188Protesto após 5 dias                                        000045
1                   000902692011248461-11075                  0000000000000011075500000000002               0111075     08081400000000500000000000012N010814000000000000001670000000000000000000000000000000000000000000000111479061000108ANDRADE SOARES LOPES LTDA               Rua Lehar David,05                                  45000445Protesto após 5 dias                                        000046
1                   000902692011248461-11076                  0000000000000011076300000000002               0111076     08081400000000015640000000012N010814000000000000000050000000000000000000000000000000000000000000000111777632000182CFN ASSESSORIA EM DOCUMENTOS LTDA       R Prefeito Carlos José Carlson,226-CJ 01            09450000Protesto após 5 dias                                        000047
1                   000902692011248461-11077                  0000000000000011077100000000002               0111077     08081400000000700000000000012N010814000000000000002330000000000000000000000000000000000000000000000113594653000198Melo e Cunha Consultoria e Assessoria LtAv. Presidente João Goulart,LJ 47B-QD 2             74968890Protesto após 5 dias                                        000048
1                   000902692011248461-11078                  0000000000000011078P00000000002               0111078     08081400000000500000000000012N010814000000000000001670000000000000000000000000000000000000000000000111222886000134ELIDA ASSESSORIA EMPRESARIAL LTDA       R. Neo Alves Martins,2955-Sala 03                   87013060Protesto após 5 dias                                        000049
1                   000902692011248461-11079                  0000000000000011079800000000002               0111079     08081400000001322380000000012N010814000000000000004410000000000000000000000000000000000000000000000111834699000101REGIS ORLANDINI ASSESSORIA CARTORARIA LTAv. João Naves de Ávila,81                          38400600Protesto após 5 dias                                        000050
1                   000902692011248461-11080                  0000000000000011080100000000002               0111080     08081400000000500000000000012N010814000000000000001670000000000000000000000000000000000000000000000119762311000116J. LOPES - ME                           Rua Afonso Pena,5-47                                17060250Protesto após 5 dias                                        000051
1                   000902692011248461-11081                  0000000000000011081P00000000002               0111081     08081400000000215760000000012N010814000000000000000720000000000000000000000000000000000000000000000118433773000127MUZETI ASSESSORIA CARTORARIA LTDA ME    Rua 20,1022                                         14780070Protesto após 5 dias                                        000052
1                   000902692011248461-11082                  0000000000000011082800000000002               0111082     08081400000000500000000000012N010814000000000000001670000000000000000000000000000000000000000000000119450025000115SAITO & SAITO ASSESSORIA E SERVIÇOS LTDAAv. Francisco de Paula Leite,1699                   13344325Protesto após 5 dias                                        000053
1                   000902692011248461-11083                  0000000000000011083600000000002               0111083     08081400000000022620000000012N010814000000000000000080000000000000000000000000000000000000000000000112462165000164Viviane Aparecida Henriques - EPP       Rua Rui Barbosa,164                                 19010260Protesto após 5 dias                                        000054
1                   000902692011248461-11084                  0000000000000011084400000000002               0111084     08081400000000500000000000012N010814000000000000001670000000000000000000000000000000000000000000000112443155000181ASSESSORIA E CONSULTORIA CARTORARIA DE DRua Santa Cruz,652                                  13300090Protesto após 5 dias                                        000055
1                   000902692011248461-11085                  0000000000000011085200000000002               0111085     08081400000000500000000000012N010814000000000000001670000000000000000000000000000000000000000000000112632803000148RUBIANA SERVIÇOS DE CARTORIO, CERTIDÕES Rua das Esmeraldas,186                              09920520Protesto após 5 dias                                        000056
1                   000902692011248461-11086                  0000000000000011086000000000002               0111086     08081400000000500000000000012N010814000000000000001670000000000000000000000000000000000000000000000102248702000114MOURA E MENEZES SERVIÇOS ADMINISTRATIVOSRua Dr. Curvelo Cavalcante,189-Loja 101             23810201Protesto após 5 dias                                        000057
1                   000902692011248461-11087                  0000000000000011087900000000002               0111087     08081400000000500000000000012N010814000000000000001670000000000000000000000000000000000000000000000111619454000161ASSESSORIA CARTORÁRIA DO NORDESTE LTDA  Av. Conselheiro Rosa e Silva,1460-Sala 1            52020220Protesto após 5 dias                                        000058
1                   000902692011248461-11088                  0000000000000011088700000000002               0111088     08081400000000500000000000012N010814000000000000001670000000000000000000000000000000000000000000000112572498000146Alphacentral Documentos e Serviços LTDA Rua Cel. Siqueira de Moraes,125/127                 13201032Protesto após 5 dias                                        000059
1                   000902692011248461-11089                  0000000000000011089500000000002               0111089     08081400000000500000000000012N010814000000000000001670000000000000000000000000000000000000000000000112837049000182TOWER NITEROI SERVIÇOS DE CARTÓRIO E CERRua Visconde de Sepetiba,935-SL 625                 24020206Protesto após 5 dias                                        000060
1                   000902692011248461-11090                  0000000000000011090900000000002               0111090     08081400000000175650000000012N010814000000000000000590000000000000000000000000000000000000000000000112139078000170RW MARIZ ESTRUTURA CARTORAL LTDA        Av Epitácio Pessoa,475-Sala 05                      58030906Protesto após 5 dias                                        000061
1                   000902692011248461-11091                  0000000000000011091700000000002               0111091     08081400000001750000000000012N010814000000000000005830000000000000000000000000000000000000000000000113133167000172G I CART SERVIÇOS ORGANIZACIONAIS LTDA  Rua dos Marianos,132                                06016050Protesto após 5 dias                                        000062
1                   000902692011248461-11092                  0000000000000011092500000000002               0111092     08081400000000023540000000012N010814000000000000000080000000000000000000000000000000000000000000000113287999000143ASSESSORIA CARTORÁRIA PÁDUA LTDA        Rua Tiradentes,112-SL 201                           28300000Protesto após 5 dias                                        000063
1                   000902692011248461-11093                  0000000000000011093300000000002               0111093     08081400000000350000000000012N010814000000000000001170000000000000000000000000000000000000000000000115369569000104FERRAGUT E MUZEL SERVIÇOS ADMINISTRATIVORua Barão de Mauá,1152-Piso Superior, SL            13276080Protesto após 5 dias                                        000064
1                   000902692011248461-11094                  0000000000000011094100000000002               0111094     08081400000000004780000000012N010814000000000000000020000000000000000000000000000000000000000000000113913099000164ERM Serviços Administrativos LTDA       Rua 7 de Setembro,1315                              89010203Protesto após 5 dias                                        000065
1                   000902692011248461-11095                  0000000000000011095P00000000002               0111095     08081400000000040800000000012N010814000000000000000140000000000000000000000000000000000000000000000113321680000197Ana Claudia Barbiere Alves Ferreira - MEAv. Brasil,326                                      14801050Protesto após 5 dias                                        000066
1                   000902692011248461-11096                  0000000000000011096800000000002               0111096     08081400000000027700000000012N010814000000000000000090000000000000000000000000000000000000000000000117655488000198KAEL INTERMEDIAÇÕES CARTORÁRIAS LTDA ME Av. Monte Castelo,720                               13450032Protesto após 5 dias                                        000067
1                   000902692011248461-11097                  0000000000000011097600000000002               0111097     08081400000000030500000000012N010814000000000000000100000000000000000000000000000000000000000000000113350598000190CP SERVIÇOS ADMINISTRATIVO LTDA - ME    Rua Arnaldo Estevão de Figueiredo,640               78700150Protesto após 5 dias                                        000068
1                   000902692011248461-11098                  0000000000000011098400000000002               0111098     08081400000000010000000000012N010814000000000000000030000000000000000000000000000000000000000000000113585685000127ASSESSORIA CARTORÁRIA LIMEIRA LTDA ME   Rua Deputado Octavio Lopes,304 B                    13480021Protesto após 5 dias                                        000069
1                   000902692011248461-11099                  0000000000000011099200000000002               0111099     08081400000000139090000000012N010814000000000000000460000000000000000000000000000000000000000000000113406670000154RODRIGUES E VIEIRA LTDA.                104 SUL RUA SE 05 LOTE 23 | AC JK CAIXA             77006970Protesto após 5 dias                                        000070
1                   000902692011248461-11100                  0000000000000011100P00000000002               0111100     08081400000000500000000000012N010814000000000000001670000000000000000000000000000000000000000000000113743219000122Valentim e Silva Serviços               Praça Antônio Dias,584                              38700110Protesto após 5 dias                                        000071
1                   000902692011248461-11101                  0000000000000011101800000000002               0111101     08081400000000037930000000012N010814000000000000000130000000000000000000000000000000000000000000000113576355000175LEME ASSESSORIA E CONSULTORIA DE DOCUMENRua Prudente de Moraes,933                          13320160Protesto após 5 dias                                        000072
1                   000902692011248461-11102                  0000000000000011102600000000002               0111102     08081400000000500000000000012N010814000000000000001670000000000000000000000000000000000000000000000113845551000106MACEDO & MELO INTERMEDIACOES CARTORARIASRUA LIZANDRO NOGUEIRA,1223-SALA 304                 64000200Protesto após 5 dias                                        000073
1                   000902692011248461-11103                  0000000000000011103400000000002               0111103     08081400000000047470000000012N010814000000000000000160000000000000000000000000000000000000000000000113800899000179TEIXEIRA CARREIRO INTERMEDIACAO CARTORARRua Alan Kardec,50-SL 712                           27541290Protesto após 5 dias                                        000074
1                   000902692011248461-11104                  0000000000000011104200000000002               0111104     08081400000000500000000000012N010814000000000000001670000000000000000000000000000000000000000000000126069567000108JPS SERVIÇOS LTDA ME                    Rua Apinajés,1100-Cj. 501                           05017000Protesto após 5 dias                                        000075
1                   000902692011248461-11105                  0000000000000011105000000000002               0111105     08081400000000500000000000012N010814000000000000001670000000000000000000000000000000000000000000000114142222000153Araujo Oliveira Assessoria Cartoraria LTAv. Radial B,60-LJ 02                               42807380Protesto após 5 dias                                        000076
1                   000902692011248461-11106                  0000000000000011106900000000002               0111106     08081400000000036530000000012N010814000000000000000120000000000000000000000000000000000000000000000116806807000156M MARRAS SERVICOS E EVENTOS LTDA - ME   Rua Voluntários da Franca,453                       14405103Protesto após 5 dias                                        000077
1                   000902692011248461-11107                  0000000000000011107700000000002               0111107     08081400000000350000000000012N010814000000000000001170000000000000000000000000000000000000000000000114456232000163CUNHA & ALVES ASSESSORIA COMERCIAL E INDRua Juscelino K. de Oliveira,763                    37580000Protesto após 5 dias                                        000078
1                   000902692011248461-11108                  0000000000000011108500000000002               0111108     08081400000000500000000000012N010814000000000000001670000000000000000000000000000000000000000000000115779004000197BONESSO & GIANETTI LTDA ME              Rua Nove de Julho,430-Lj 03 - Galeria de            13280000Protesto após 5 dias                                        000079
1                   000902692011248461-11109                  0000000000000011109300000000002               0111109     08081400000000500000000000012N010814000000000000001670000000000000000000000000000000000000000000000111834699000292REGIS ORLANDINI ASSESSORIA CARTORÁRIA EPPraça Manoel Bonito,65                              38440076Protesto após 5 dias                                        000080
1                   000902692011248461-11110                  0000000000000011110700000000002               0111110     08081400000000500000000000012N010814000000000000001670000000000000000000000000000000000000000000000115003436000101Via Rápida Intermediação Cartorária LTDARua Vereador Juca Pena,10                           36400000Protesto após 5 dias                                        000081
1                   000902692011248461-11111                  0000000000000011111500000000002               0111111     08081400000000500000000000012N010814000000000000001670000000000000000000000000000000000000000000000114467333000130Sirley Santos Niemic - ME               Av. Municipal,1779 A                                78250000Protesto após 5 dias                                        000082
1                   000902692011248461-11112                  0000000000000011112300000000002               0111112     08081400000000500000000000012N010814000000000000001670000000000000000000000000000000000000000000000114567761000134ABEN INTERMEDIACAO CARTORARIA LTDA ME   Av. Leopoldino de Oliveira,4464-Ed. Diam            38060000Protesto após 5 dias                                        000083
1                   000902692011248461-11113                  0000000000000011113100000000002               0111113     08081400000000500000000000012N010814000000000000001670000000000000000000000000000000000000000000000114547088000170SPEED FOX ASSESSORIA CARTORARIA LTDA ME Rua General Dionisio,410-LOJA                       25075095Protesto após 5 dias                                        000084
1                   000902692011248461-11114                  0000000000000011114P00000000002               0111114     08081400000000130750000000012N010814000000000000000440000000000000000000000000000000000000000000000114911193000147LOPES&LOPES INTERMEDIAÇÃO CARTORÁRIA LTDRua Marechal Deodoro,444-loja 322                   36010904Protesto após 5 dias                                        000085
1                   000902692011248461-11115                  0000000000000011115800000000002               0111115     08081400000000500000000000012N010814000000000000001670000000000000000000000000000000000000000000000115220454000226RENAULT ASSOCIADOS INTERMEDIACOES CARTORRua Benedito Valadares,520-LJ 03                    35660630Protesto após 5 dias                                        000086
1                   000902692011248461-11116                  0000000000000011116600000000002               0111116     08081400000000500000000000012N010814000000000000001670000000000000000000000000000000000000000000000120019555000192SERV MASTER SERVICOS E LOGISTICA LTDA –MRua Barão do Rio Branco,1439 B                      16200001Protesto após 5 dias                                        000087
1                   000902692011248461-11117                  0000000000000011117400000000002               0111117     08081400000001000000000000012N010814000000000000003330000000000000000000000000000000000000000000000115447264000165CAMPDOC INTERMEDIAÇÃO CARTORÁRIA LTDA – Av. Carlos de Araújo Gobbi,325                      13034670Protesto após 5 dias                                        000088
1                   000902692011248461-11118                  0000000000000011118200000000002               0111118     08081400000000022500000000012N010814000000000000000080000000000000000000000000000000000000000000000113372039000262DE PAULA E FRANÇA SERVIÇOS PRIVADOS E INRua Roberto Calmon,140                              29200340Protesto após 5 dias                                        000089
1                   000902692011248461-11119                  0000000000000011119000000000002               0111119     08081400000000500000000000012N010814000000000000001670000000000000000000000000000000000000000000000115328775000168Bagini e Okumura Intermediações CartorárRua Laurindo Borges,1494                            87303240Protesto após 5 dias                                        000090
1                   000902692011248461-11120                  0000000000000011120400000000002               0111120     08081400000000500000000000012N010814000000000000001670000000000000000000000000000000000000000000000115776815000134RCA - PREST CART INTERMEDIAÇÃO CARTORARIRua João Caetano,185-LJ 103                         24710405Protesto após 5 dias                                        000091
1                   000902692011248461-11121                  0000000000000011121200000000002               0111121     08081400000000500000000000012N010814000000000000001670000000000000000000000000000000000000000000000115523647000175TGD ASSESSORIA E CONSULTORIA LTDA       Rua Coronel Antonio Cardoso Pinto,34 A              37640000Protesto após 5 dias                                        000092
1                   000902692011248461-11122                  0000000000000011122000000000002               0111122     08081400000000500000000000012N010814000000000000001670000000000000000000000000000000000000000000000116465255000160Tocantins Intermediação Cartorária LTDA-RUA RODOVIÁRIA,193-SALA 01                          77805040Protesto após 5 dias                                        000093
1                   000902692011248461-11123                  0000000000000011123900000000002               0111123     08081400000000500000000000012N010814000000000000001670000000000000000000000000000000000000000000000115731322000188MEIRELES SERVIÇOS DE APOIO ADMINISTRATIVRua José Marcelino de Oliveira,374-BAIXO            67030170Protesto após 5 dias                                        000094
1                   000902692011248461-11124                  0000000000000011124700000000002               0111124     08081400000000500000000000012N010814000000000000001670000000000000000000000000000000000000000000000110946715000195CONTAK INTERMEDIAÇÕES CARTORARIAS LTDA  Av. Conselheiro Nebias,754                          11045002Protesto após 5 dias                                        000095
1                   000902692011248461-11125                  0000000000000011125500000000002               0111125     08081400000001000000000000012N010814000000000000003330000000000000000000000000000000000000000000000115803475000193PEDRO, BASTOS & JONES SERVIÇOS ASMINISTRRua Duque de Caxias,01-SL 31                        28613060Protesto após 5 dias                                        000096
1                   000902692011248461-11126                  0000000000000011126300000000002               0111126     08081400000000500000000000012N010814000000000000001670000000000000000000000000000000000000000000000115872523000103HEITOR PIGHINI BARBADO ME               Rua Senador José Bonifácio,312-B                    13800060Protesto após 5 dias                                        000097
1                   000902692011248461-11127                  0000000000000011127100000000002               0111127     08081400000000500000000000012N010814000000000000001670000000000000000000000000000000000000000000000118997889000199CP CAMPO GRANDE INTERMEDIACOES CARTORARIRua Amaral Costa,408-LJ 01                          23050260Protesto após 5 dias                                        000098
1                   000902692011248461-11128                  0000000000000011128P00000000002               0111128     08081400000000500000000000012N010814000000000000001670000000000000000000000000000000000000000000000115566079000190Marins Consultoria e Intermediação CartoAvenida Brasil,4140-Sala 13                         87503420Protesto após 5 dias                                        000099
1                   000902692011248461-11129                  0000000000000011129800000000002               0111129     08081400000001000000000000012N010814000000000000003330000000000000000000000000000000000000000000000115703802000135Assecar Apoio Administrativo de MArilia Rua Carlos Gomes,343                                17501000Protesto após 5 dias                                        000100
1                   000902692011248461-11130                  0000000000000011130100000000002               0111130     08081400000000500000000000012N010814000000000000001670000000000000000000000000000000000000000000000115723896000104Walter Shuji Kishi eireli-ME            Avenida Presidente Getúio Vargas,2214-Lo            45990289Protesto após 5 dias                                        000101
1                   000902692011248461-11131                  0000000000000011131P00000000002               0111131     08081400000000500000000000012N010814000000000000001670000000000000000000000000000000000000000000000115665799000102OLIVEIRA E PEIXOTO LTDA                 Rua Barbosa de Sousa,25-SL 006 - Centro             45203640Protesto após 5 dias                                        000102
1                   000902692011248461-11132                  0000000000000011132800000000002               0111132     08081400000000500000000000012N010814000000000000001670000000000000000000000000000000000000000000000116911487000102L & A INTERMEDIAÇÕES CARTORÁRIAS LTDA   Rua Marechal Deodoro,111                            48005020Protesto após 5 dias                                        000103
1                   000902692011248461-11133                  0000000000000011133600000000002               0111133     08081400000000500000000000012N010814000000000000001670000000000000000000000000000000000000000000000116615091000100MEG INTERMEDIAÇÃO CARTORÁRIA            Av. 13,625                                          13500340Protesto após 5 dias                                        000104
1                   000902692011248461-11134                  0000000000000011134400000000002               0111134     08081400000000200000000000012N010814000000000000000670000000000000000000000000000000000000000000000115696350000101Almeida Intermediação cartorária LTDA MERua José Brenha Ribeiro,23                          18130495Protesto após 5 dias                                        000105
1                   000902692011248461-11135                  0000000000000011135200000000002               0111135     08081400000000500000000000012N010814000000000000001670000000000000000000000000000000000000000000000119373945000187MR Sistema de Intermediação Cartorária LRua 29 de Abril,123                                 13256000Protesto após 5 dias                                        000106
1                   000902692011248461-11136                  0000000000000011136000000000002               0111136     08081400000000500000000000012N010814000000000000001670000000000000000000000000000000000000000000000115761167000142DOC SERVICE SERVIÇOS DOCUMENTAIS LTDA   Rua Marechal Floriano Peixoto,1562-Sala             85851020Protesto após 5 dias                                        000107
1                   000902692011248461-11137                  0000000000000011137900000000002               0111137     08081400000000500000000000012N0108140000000000000016700000000000000000000000000000000000000000000001157926280001442 W V INTERMEDIAÇÃO CARTORÁRIA LTDA-ME  Rua Marechal Deodoro,44                             12500210Protesto após 5 dias                                        000108
1                   000902692011248461-11138                  0000000000000011138700000000002               0111138     08081400000000500000000000012N010814000000000000001670000000000000000000000000000000000000000000000115779486000185ANA LIDIA ANDRADE VASCONCELOS CISOTTO - Rua Mário Pedro Vercellino,411                      18550000Protesto após 5 dias                                        000109
1                   000902692011248461-11139                  0000000000000011139500000000002               0111139     08081400000001000000000000012N010814000000000000003330000000000000000000000000000000000000000000000116566686000112SOMARX INTERMEDIAÇÃO CARTORÁRIA LTDA    QN 07 - AREA ESPECIAL 1 TERREO LOJA,11-R            71805731Protesto após 5 dias                                        000110
1                   000902692011248461-11140                  0000000000000011140900000000002               0111140     08081400000001000000000000012N010814000000000000003330000000000000000000000000000000000000000000000116651907000150COTIA CENTRAL - SERVIÇOS ADMINISTRATIVOSRua Joaquim Nunes Filho,204                         06717180Protesto após 5 dias                                        000111
1                   000902692011248461-11141                  0000000000000011141700000000002               0111141     08081400000001500000000000012N010814000000000000005000000000000000000000000000000000000000000000000117013577000130RIBEIRO INTERMEDIAÇÃO CARTORÁRIA LTDA.  Av. Presidente Marques,1212                         78045008Protesto após 5 dias                                        000112
1                   000902692011248461-11142                  0000000000000011142500000000002               0111142     08081400000000500000000000012N010814000000000000001670000000000000000000000000000000000000000000000116455215000137MIM Consultoria, Assessoria e IntermediaRua Gal. Bacelar,504                                96200370Protesto após 5 dias                                        000113
1                   000902692011248461-11143                  0000000000000011143300000000002               0111143     08081400000000500000000000012N010814000000000000001670000000000000000000000000000000000000000000000116850829000113FORMAGIO & MILARE LTDA ME               Rua Princesa Izabel,994                             17900000Protesto após 5 dias                                        000114
1                   000902692011248461-11144                  0000000000000011144100000000002               0111144     08081400000001000000000000012N010814000000000000003330000000000000000000000000000000000000000000000116988183000135MENEZES & AMARAL INTERMEDIAÇÃO CARTORÁRIRua Israel Pinheiro,2500-LJ 1                       35020220Protesto após 5 dias                                        000115
1                   000902692011248461-11145                  0000000000000011145P00000000002               0111145     08081400000000500000000000012N010814000000000000001670000000000000000000000000000000000000000000000117163022000175DEFTHJ CONSULTORIA E ASSESSORIA CARTORÁRR. Pedro Procópio,48                                06501130Protesto após 5 dias                                        000116
1                   000902692011248461-11146                  0000000000000011146800000000002               0111146     08081400000000500000000000012N010814000000000000001670000000000000000000000000000000000000000000000116943517000154SOUZA SERVIÇOS DE DOCUMENTOS S/S LTDA EPR. Coronel Aureliano de Camargo,666                 18270170Protesto após 5 dias                                        000117
1                   000902692011248461-11147                  0000000000000011147600000000002               0111147     08081400000000500000000000012N010814000000000000001670000000000000000000000000000000000000000000000117206713000109FABIO TOMAZ CARDOSO - ME                Rua Primeiro de Maio,202-SL 507                     09015030Protesto após 5 dias                                        000118
1                   000902692011248461-11148                  0000000000000011148400000000002               0111148     08081400000000500000000000012N010814000000000000001670000000000000000000000000000000000000000000000111834699000373REGIS ORLANDINI ASSESSORIA CARTORÁRIA EPRua Dr. Frankilin de Castro,238                     38183120Protesto após 5 dias                                        000119
1                   000902692011248461-11149                  0000000000000011149200000000002               0111149     08081400000000500000000000012N010814000000000000001670000000000000000000000000000000000000000000000116899904000130E. F. AURELIA NEGOCIOS E INTERMEDIAÇÃO CRua Liberdade,596                                   06853700Protesto após 5 dias                                        000120
1                   000902692011248461-11150                  0000000000000011150600000000002               0111150     08081400000000500000000000012N010814000000000000001670000000000000000000000000000000000000000000000116949930000126CIRENO FILHO INTERMEDIAÇÃO CARTORARIA   Rua Carlos Eduardo Nichele,1382-LJ01                83833022Protesto após 5 dias                                        000121
1                   000902692011248461-11151                  0000000000000011151400000000002               0111151     08081400000000350000000000012N010814000000000000001170000000000000000000000000000000000000000000000116811847000196TOLEDO & PEREIRA VASSALO LTDA ME        Rua Santos Pereira,212                              37500026Protesto após 5 dias                                        000122
1                   000902692011248461-11152                  0000000000000011152200000000002               0111152     08081400000001000000000000012N010814000000000000003330000000000000000000000000000000000000000000000116819238000183CARLOS ALBERTO ROCHA DE MELO - ME       R. Hermógenes Freire da Costa,02-LJ 05              28940000Protesto após 5 dias                                        000123
1                   000902692011248461-11153                  0000000000000011153000000000002               0111153     08081400000000500000000000012N010814000000000000001670000000000000000000000000000000000000000000000116945793000151JLM INTERMEDIAÇÃO CARTORÁRIA LTDA       Av. Tiradentes,618-LJ 03                            36307348Protesto após 5 dias                                        000124
1                   000902692011248461-11154                  0000000000000011154900000000002               0111154     08081400000001750000000000012N010814000000000000005830000000000000000000000000000000000000000000000116927836000176C. M. MILROT CONSULTORIA E INTERMEDIAÇÃOAl. Ribeirão Preto,551-SL 24                        01331001Protesto após 5 dias                                        000125
1                   000902692011248461-11155                  0000000000000011155700000000002               0111155     08081400000000500000000000012N010814000000000000001670000000000000000000000000000000000000000000000116935668000160FLASH DOC INTERMEDIAÇÕES CARTORARIAS    Av. Caetano Barrela,209                             06763460Protesto após 5 dias                                        000126
1                   000902692011248461-11156                  0000000000000011156500000000002               0111156     08081400000000500000000000012N010814000000000000001670000000000000000000000000000000000000000000000116964316000133CAMARGO & ESTRACINE INTERMEDIAÇÃO CARTORRua Miguel Anselmo,260                              15900000Protesto após 5 dias                                        000127
1                   000902692011248461-11157                  0000000000000011157300000000002               0111157     08081400000001750000000000012N010814000000000000005830000000000000000000000000000000000000000000000117829100000128JS & BOIM INTERMEDIAÇÃO CARTORÁRIA LTDA Rua Tabatinguera,140-SL 409 e 410                   01020000Protesto após 5 dias                                        000128
1                   000902692011248461-11158                  0000000000000011158100000000002               0111158     08081400000001000000000000012N010814000000000000003330000000000000000000000000000000000000000000000112587280000165RTC INTERMEDIAÇÃO CARTORÁRIA LTDA - ME  Rua Montenegro,171 A                                11410040Protesto após 5 dias                                        000129
1                   000902692011248461-11159                  0000000000000011159P00000000002               0111159     08081400000000500000000000012N010814000000000000001670000000000000000000000000000000000000000000000116729531000150GOMES VERAS INTERMEDIAÇÃO CARTORÁRIA LTDRua Maranhão,763-Sala 17 R                          65901590Protesto após 5 dias                                        000130
1                   000902692011248461-11160                  0000000000000011160300000000002               0111160     08081400000001000000000000012N010814000000000000003330000000000000000000000000000000000000000000000116970183000108NR INTERMEDIAÇÃO CARTORÁRIA LTDA        Av. Dom Luis,500-Piso L0, Loja 38, Shopp            60160196Protesto após 5 dias                                        000131
1                   000902692011248461-11161                  0000000000000011161100000000002               0111161     08081400000000500000000000012N010814000000000000001670000000000000000000000000000000000000000000000117103695000210Vale Rio - Intermediação Cartorária LtdaRua do Paraíso,97-SL 29                             48903050Protesto após 5 dias                                        000132
1                   000902692011248461-11162                  0000000000000011162P00000000002               0111162     08081400000000500000000000012N010814000000000000001670000000000000000000000000000000000000000000000117103695000130VALE RIO - INTERMEDIAÇÃO CARTORÁRIA LTDAPraça Pio XII,290-2º Andar, SL 01                   56304430Protesto após 5 dias                                        000133
1                   000902692011248461-11163                  0000000000000011163800000000002               0111163     08081400000000500000000000012N010814000000000000001670000000000000000000000000000000000000000000000117488037000103LG INTERMEDIAÇÃO CARTORÁRIA LTDA ME     Rua Rafael Nascimento,300 C                         75901290Protesto após 5 dias                                        000134
1                   000902692011248461-11164                  0000000000000011164600000000002               0111164     08081400000001000000000000012N010814000000000000003330000000000000000000000000000000000000000000000117197147000116POSTCAR INTERMEDIAÇÃO CARTORÁRIA LTDA   Rua Amaro Genari,40-Sala 33                         09810270Protesto após 5 dias                                        000135
1                   000902692011248461-11165                  0000000000000011165400000000002               0111165     08081400000000300000000000012N010814000000000000001000000000000000000000000000000000000000000000000117216619000130F E M INTERMEDIAÇÃO CARTORARIA LTDA ME  Av. Dom Pedro II,135-Sala 22                        37470000Protesto após 5 dias                                        000136
1                   000902692011248461-11166                  0000000000000011166200000000002               0111166     08081400000000500000000000012N010814000000000000001670000000000000000000000000000000000000000000000118294473000104VIEIRA E SCORALICK LTDA                 Rua Getúlio Vargas,53                               34800000Protesto após 5 dias                                        000137
1                   000902692011248461-11167                  0000000000000011167000000000002               0111167     08081400000000350000000000012N010814000000000000001170000000000000000000000000000000000000000000000118325368000195FERREIRA CAMPOS CONSULTORIA E INTERMEDIARua Joaquim Manuel,248                              46430000Protesto após 5 dias                                        000138
1                   000902692011248461-11168                  0000000000000011168900000000002               0111168     08081400000001500000000000012N010814000000000000005000000000000000000000000000000000000000000000000117234137000103Postal Services - Assessoria e Serviços Pç das Orquideas,186-SL 04 | 1º Andar               06453002Protesto após 5 dias                                        000139
1                   000902692011248461-11169                  0000000000000011169700000000002               0111169     08081400000000500000000000012N010814000000000000001670000000000000000000000000000000000000000000000117292398000180DOTTON INTERMEDIACAO CARTORARIA LTDA - MRua Senador Fláquer,241-Conjunto 09                 09010160Protesto após 5 dias                                        000140
1                   000902692011248461-11170                  0000000000000011170000000000002               0111170     08081400000000500000000000012N010814000000000000001670000000000000000000000000000000000000000000000117344439000134Carneiro e Santana Intermediação CartoráRua Brasil,210-SALA A                               19800100Protesto após 5 dias                                        000141
1                   000902692011248461-11171                  0000000000000011171900000000002               0111171     08081400000000500000000000012N010814000000000000001670000000000000000000000000000000000000000000000117474125000156MAGAVIX INTERMEDIAÇÃO E LOGISTICA DE DISRua Amapá,1777                                      87704070Protesto após 5 dias                                        000142
1                   000902692011248461-11172                  0000000000000011172700000000002               0111172     08081400000000500000000000012N010814000000000000001670000000000000000000000000000000000000000000000118726605000120OLIVEIRA CECHET INTERMEDIAÇÃO CARTORÁRIARua Cleriston Andrade,132-QD 23 LT 03 SL            47850000Protesto após 5 dias                                        000143
1                   000902692011248461-11173                  0000000000000011173500000000002               0111173     08081400000000500000000000012N010814000000000000001670000000000000000000000000000000000000000000000117569606000145RP SERVIÇOS CARTORARIOS LTDA            Av. Santos Dumont,3257-Comercial MM501 L            42700000Protesto após 5 dias                                        000144
1                   000902692011248461-11174                  0000000000000011174300000000002               0111174     08081400000000500000000000012N010814000000000000001670000000000000000000000000000000000000000000000118532030000104ASSESSORIA POSTAL LTDA - ME             Rua 22,1225                                         38300076Protesto após 5 dias                                        000145
1                   000902692011248461-11175                  0000000000000011175100000000002               0111175     08081400000001000000000000012N010814000000000000003330000000000000000000000000000000000000000000000109532074000143OTTIMIZA ASSESSORIA CARTORARIA LTDA - MERua Raimundo Chaves,1584                            59064390Protesto após 5 dias                                        000146
1                   000902692011248461-11176                  0000000000000011176P00000000002               0111176     08081400000000500000000000012N010814000000000000001670000000000000000000000000000000000000000000000118275563000158FEITOZA SERVIÇOS POSTAL LTDA            Rua Antônio Guimarães,604                           65631100Protesto após 5 dias                                        000147
1                   000902692011248461-11177                  0000000000000011177800000000002               0111177     08081400000000500000000000012N010814000000000000001670000000000000000000000000000000000000000000000117497344000150VAP POSTAL INTERMEDIAÇÃO CARTORÁRIA LTDARua Teodorico Tourinho,304                          39800010Protesto após 5 dias                                        000148
1                   000902692011248461-11178                  0000000000000011178600000000002               0111178     08081400000000500000000000012N010814000000000000001670000000000000000000000000000000000000000000000113622593000170Moraes & Vessoni Serv. e Ass. CartorariaRua Paraná,629                                      19900021Protesto após 5 dias                                        000149
1                   000902692011248461-11179                  0000000000000011179400000000002               0111179     08081400000000500000000000012N010814000000000000001670000000000000000000000000000000000000000000000117605176000170CARIRI INTERMEDIACAO CARTORARIA LTDA - MRua Delmiro Gouveia,51                              63010075Protesto após 5 dias                                        000150
1                   000902692011248461-11180                  0000000000000011180800000000002               0111180     08081400000000500000000000012N010814000000000000001670000000000000000000000000000000000000000000000117736384000108JANAINA FERREIRA DE TOLEDO PEREIRA      Rua Vanor Junqueira Franco,300-Fundos               14701010Protesto após 5 dias                                        000151
1                   000902692011248461-11181                  0000000000000011181600000000002               0111181     08081400000000700000000000012N010814000000000000002330000000000000000000000000000000000000000000000117880167000197AGUIA INTERMEDIAÇÃO CARTORARIA LTDA - MERua Voluntários da Pátria,524                       02010000Protesto após 5 dias                                        000152
1                   000902692011248461-11182                  0000000000000011182400000000002               0111182     08081400000001000000000000012N010814000000000000003330000000000000000000000000000000000000000000000117966691000185GERENCIAMENTO DE CERTIDOES E DOCUMENTOS Rua Cincinato Pinto,297-SL 105                      57020670Protesto após 5 dias                                        000153
1                   000902692011248461-11183                  0000000000000011183200000000002               0111183     08081400000000300000000000012N010814000000000000001000000000000000000000000000000000000000000000000117882102000180JK INTERMEDIAÇÕES CARTORÁRIAS           Av. Francisco Monteiro,95                           09400310Protesto após 5 dias                                        000154
1                   000902692011248461-11184                  0000000000000011184000000000002               0111184     08081400000000500000000000012N010814000000000000001670000000000000000000000000000000000000000000000118268113000138LINS E SILVA INTERMEDIAÇÕES CARTORÁRIAS Rua Visconde de Campo Alegre,149-1º Anda            54505370Protesto após 5 dias                                        000155
1                   000902692011248461-11185                  0000000000000011185900000000002               0111185     08081400000000500000000000012N010814000000000000001670000000000000000000000000000000000000000000000116456499000267FILADELFIA CARTORÁRIOS E DOCUMENTAIS    Rua Antônio Teles de Menezes,41-SL 407              25520630Protesto após 5 dias                                        000156
1                   000902692011248461-11186                  0000000000000011186700000000002               0111186     08081400000001000000000000012N010814000000000000003330000000000000000000000000000000000000000000000115417430000180AME - AMOEDO MEDRADO EMPREENDIMENTOS LTDPç. João Barbosa Carvalho,58                        44001144Protesto após 5 dias                                        000157
1                   000902692011248461-11187                  0000000000000011187500000000002               0111187     08081400000001000000000000012N010814000000000000003330000000000000000000000000000000000000000000000114501933000177ROBERTO MACEDO DE ALBUQUERQUE ME        Rua Alameda Antofagasta,77-SL 301                   97050660Protesto após 5 dias                                        000158
1                   000902692011248461-11188                  0000000000000011188300000000002               0111188     08081400000001500000000000012N010814000000000000005000000000000000000000000000000000000000000000000118133083000152MALTAURO BEZERRA CONSULTORIA E INTERMEDIAv. Tancredo Neves,1485-SL 408 | Ed. Esp            41820021Protesto após 5 dias                                        000159
1                   000902692011248461-11189                  0000000000000011189100000000002               0111189     08081400000001750000000000012N010814000000000000005830000000000000000000000000000000000000000000000118384480000105INTERMEDIAÇÃO CARTORÁRIA INTERLAGOS LTDAAv. Nossa Senhora do Sabará,1687                    04685004Protesto após 5 dias                                        000160
1                   000902692011248461-11190                  0000000000000011190500000000002               0111190     08081400000000500000000000012N010814000000000000001670000000000000000000000000000000000000000000000117961015000119ADALBERTO ROCHA THOBIAS - ME            Av. Paulista,259-Oeste                              17280000Protesto após 5 dias                                        000161
1                   000902692011248461-11191                  0000000000000011191300000000002               0111191     08081400000000500000000000012N010814000000000000001670000000000000000000000000000000000000000000000118117942000110Rocha Orçai Intermediação Cartorária LtdRua dos Leites,69-Sala 118, Galeria Pôr             28470000Protesto após 5 dias                                        000162
1                   000902692011248461-11192                  0000000000000011192100000000002               0111192     08081400000000500000000000012N010814000000000000001670000000000000000000000000000000000000000000000118840724000109RM SERVIÇOS DE INTERMEDIAÇÃO CARTORÁRIA Av. Getúlio Vargas,44                               48601260Protesto após 5 dias                                        000163
1                   000902692011248461-11193                  0000000000000011193P00000000002               0111193     08081400000001500000000000012N010814000000000000005000000000000000000000000000000000000000000000000118379292000180DOCUMENTUM BRASILIA LTDA - ME           CLN 316-BL E, LJ 06                                 70775550Protesto após 5 dias                                        000164
1                   000902692011248461-11194                  0000000000000011194800000000002               0111194     08081400000001000000000000012N010814000000000000003330000000000000000000000000000000000000000000000115007025000194FV Representação Comercial LTDA         Alameda Abricó,1856-LJ 03                           28890254Protesto após 5 dias                                        000165
1                   000902692011248461-11195                  0000000000000011195600000000002               0111195     08081400000000500000000000012N010814000000000000001670000000000000000000000000000000000000000000000118254685000168CASTELO BRANCO - INTERMEDIAÇÃO CARTÓRARIRua do Sol,382-Loja 06 - Centro Empresar            65300000Protesto após 5 dias                                        000166
1                   000902692011248461-11196                  0000000000000011196400000000002               0111196     08081400000000500000000000012N010814000000000000001670000000000000000000000000000000000000000000000118354262000110BOFF E MULLER INTERMEDIAÇÃO CARTORÁRIA LAv. Júlio de Castilhos,1340-SL 05 - Cent            95010003Protesto após 5 dias                                        000167
1                   000902692011248461-11197                  0000000000000011197200000000002               0111197     08081400000000500000000000012N010814000000000000001670000000000000000000000000000000000000000000000118596649000182LHL SERVIÇOS ADMINISTRATIVOS E INTERMEDIRua Assembléia de Deus,39-SL 411                    11500040Protesto após 5 dias                                        000168
1                   000902692011248461-11198                  0000000000000011198000000000002               0111198     08081400000000500000000000012N010814000000000000001670000000000000000000000000000000000000000000000119490850000143VA VIOTTO INTERMEDIACAO CAROTARIA - ME  Av. Farid Miguel Safatle,509-LJ 01                  75701040Protesto após 5 dias                                        000169
1                   000902692011248461-11199                  0000000000000011199900000000002               0111199     08081400000000500000000000012N010814000000000000001670000000000000000000000000000000000000000000000119289512000148P W INTERMEDIAÇÃO CARTORÁRIA LTDA       Rua Bonaire,312                                     65930000Protesto após 5 dias                                        000170
1                   000902692011248461-11200                  0000000000000011200600000000002               0111200     08081400000001000000000000012N010814000000000000003330000000000000000000000000000000000000000000000118758648000197CASANOVA E CAL INTERMEDIAÇÃO CARTORÁRIA Rua Osvaldo Cruz,372-LJ 106                         41940000Protesto após 5 dias                                        000171
1                   000902692011248461-10674                  0000000000000010674P00000000002               0210674     14061400000010000000000000012N090614000000000000000000000000000000000000000000000000000000000000000100000836309456RAFAEL NUNES DA SILVA                   R ROSÂNGELA C. DA CUNHA, Nº 225 ap 22               53605007Taxa de Franquia - Jaboatão dos Guararapes/PE 1ª Parc.      000172
1                   000902692011248461-10675                  0000000000000010675800000000002               0210675     14071400000010000000000000012N090614000000000000000000000000000000000000000000000000000000000000000100000836309456RAFAEL NUNES DA SILVA                   R ROSÂNGELA C. DA CUNHA, Nº 225 ap 22               53605007Taxa de Franquia - Jaboatão dos Guararapes/PE 2ª Parc.      000173
9                                                                                                                                                                                                                                                                                                                                                                                                         000174