01REMESSA01COBRANCA       00000000000004130991SISTEMA DE CARTóRIO CERTIDõES 237BRADESCO       060614        MX0000725                                                                                                                                                                                                                                                                                     000001
1                   000902692011248461-10487                  0000000000000010487900000000002               0110487     08061400000000532890000000012N050614000000000000001780000000000000000000000000000000000000000000000111029315000188SUZAN CART CERTIDOES LTDA - ME          Rua Gal. Francisco Glicério,1185                    08674003Protesto após 5 dias                                        000002
1                   000902692011248461-10488                  0000000000000010488700000000002               0110488     08061400000000500000000000012N050614000000000000001670000000000000000000000000000000000000000000000111198466000160GOMES & KUNCEVICIUS LTDA ME             Rua Prisciliana de Castilho,374-Sala 06             11660330Protesto após 5 dias                                        000003
1                   000902692011248461-10489                  0000000000000010489500000000002               0110489     08061400000000340990000000012N050614000000000000001140000000000000000000000000000000000000000000000111163439000151RF-SERVICOS DE DOCUMENTACAO LTDA.       Av. Mal. Castelo Branco,173-A                       65076090Protesto após 5 dias                                        000004
1                   000902692011248461-10490                  0000000000000010490900000000002               0110490     08061400000001800000000000012N050614000000000000006000000000000000000000000000000000000000000000000110999668000148ASSESSORIA E CONSULTORIA DE DOCUMENTOS ER. Leopoldo Machado,242-Loja 02                     18035075Protesto após 5 dias                                        000005
1                   000902692011248461-10491                  0000000000000010491700000000002               0110491     08061400000001300000000000012N050614000000000000004330000000000000000000000000000000000000000000000111165549000152D´ VASQUEZ SERVIÇOS CARTORARIOS LTDA - EAv. Dr. João Guilhermino,293                        12210131Protesto após 5 dias                                        000006
1                   000902692011248461-10492                  0000000000000010492500000000002               0110492     08061400000000635280000000012N050614000000000000002120000000000000000000000000000000000000000000000111144435000126M&Z DOCUMENTOS CARTORÁRIOS LTDA         R. da Assembléia,10-12º Andar SL 1221               20011000Protesto após 5 dias                                        000007
1                   000902692011248461-10493                  0000000000000010493300000000002               0110493     08061400000001000000000000012N050614000000000000003330000000000000000000000000000000000000000000000114816778000188Oliveira Intermediação Cartorária LTDA MRua Delfino Cintra,500 AxB                          13020100Protesto após 5 dias                                        000008
1                   000902692011248461-10494                  0000000000000010494100000000002               0110494     08061400000000500000000000012N050614000000000000001670000000000000000000000000000000000000000000000111253279000131ÁGAPE SERVIÇOS E INTERMEDIAÇÕES CARTORÁRR. Gov. Pedro de Toledo,569                         13400070Protesto após 5 dias                                        000009
1                   000902692011248461-10495                  0000000000000010495P00000000002               0110495     08061400000001000000000000012N050614000000000000003330000000000000000000000000000000000000000000000106058057000128CTPOST SERVIÇOS LTDA ME                 R. Chaves Barcelos,131                              90030120Protesto após 5 dias                                        000010
1                   000902692011248461-10496                  0000000000000010496800000000002               0110496     08061400000000226170000000012N050614000000000000000750000000000000000000000000000000000000000000000111675298000156MORANDO & MORANDO SERV TRANSCRIÇÃO DOCUMRua Tibiriçá,189                                    14010090Protesto após 5 dias                                        000011
1                   000902692011248461-10497                  0000000000000010497600000000002               0110497     08061400000000030000000000012N050614000000000000000100000000000000000000000000000000000000000000000111564744000155SARAIVA´S CONSULTORIA EMPRESARIAL LTDA  Rua Prefeito José Santana Trigueiro,183             32604188Protesto após 5 dias                                        000012
1                   000902692011248461-10498                  0000000000000010498400000000002               0110498     08061400000000500000000000012N050614000000000000001670000000000000000000000000000000000000000000000111479061000108ANDRADE SOARES LOPES LTDA               Rua Lehar David,05                                  45000445Protesto após 5 dias                                        000013
1                   000902692011248461-10499                  0000000000000010499200000000002               0110499     08061400000000016820000000012N050614000000000000000060000000000000000000000000000000000000000000000111777632000182CFN ASSESSORIA EM DOCUMENTOS LTDA       R Prefeito Carlos José Carlson,226-CJ 01            09450000Protesto após 5 dias                                        000014
1                   000902692011248461-10500                  0000000000000010500P00000000002               0110500     08061400000000700000000000012N050614000000000000002330000000000000000000000000000000000000000000000113594653000198Melo e Cunha Consultoria e Assessoria LtAv. Presidente João Goulart,LJ 47B-QD 2             74968890Protesto após 5 dias                                        000015
1                   000902692011248461-10501                  0000000000000010501800000000002               0110501     08061400000000500000000000012N050614000000000000001670000000000000000000000000000000000000000000000111222886000134ELIDA ASSESSORIA EMPRESARIAL LTDA       R. Neo Alves Martins,2955-Sala 03                   87013060Protesto após 5 dias                                        000016
1                   000902692011248461-10502                  0000000000000010502600000000002               0110502     08061400000001217840000000012N050614000000000000004060000000000000000000000000000000000000000000000111834699000101REGIS ORLANDINI ASSESSORIA CARTORARIA LTAv. João Naves de Ávila,81                          38400600Protesto após 5 dias                                        000017
1                   000902692011248461-10503                  0000000000000010503400000000002               0110503     08061400000000500000000000012N050614000000000000001670000000000000000000000000000000000000000000000119762311000116JURACY LOPES - ME                       Rua Afonso Pena,5-47                                17060250Protesto após 5 dias                                        000018
1                   000902692011248461-10504                  0000000000000010504200000000002               0110504     08061400000000015450000000012N050614000000000000000050000000000000000000000000000000000000000000000111838860000115M.L. CARDOSO - PRESTAÇÃO DE SERVIÇOS - ERua Luiz Pereira Barreto,304                        16010320Protesto após 5 dias                                        000019
1                   000902692011248461-10505                  0000000000000010505000000000002               0110505     08061400000000179900000000012N050614000000000000000600000000000000000000000000000000000000000000000118433773000127MUZETI ASSESSORIA CARTORARIA LTDA ME    Rua 20,1022                                         14780070Protesto após 5 dias                                        000020
1                   000902692011248461-10506                  0000000000000010506900000000002               0110506     08061400000000500000000000012N050614000000000000001670000000000000000000000000000000000000000000000119450025000115SAITO & SAITO ASSESSORIA E SERVIÇOS LTDAAv. Francisco de Paula Leite,1699                   13344325Protesto após 5 dias                                        000021
1                   000902692011248461-10507                  0000000000000010507700000000002               0110507     08061400000000005600000000012N050614000000000000000020000000000000000000000000000000000000000000000112462165000164Viviane Aparecida Henriques - EPP       Rua Rui Barbosa,164                                 19010260Protesto após 5 dias                                        000022
1                   000902692011248461-10508                  0000000000000010508500000000002               0110508     08061400000000500000000000012N050614000000000000001670000000000000000000000000000000000000000000000112443155000181ASSESSORIA E CONSULTORIA CARTORARIA DE DRua Santa Cruz,652                                  13300090Protesto após 5 dias                                        000023
1                   000902692011248461-10509                  0000000000000010509300000000002               0110509     08061400000000152700000000012N050614000000000000000510000000000000000000000000000000000000000000000113619244000107BRAGPOST ASSESSORIA CARTORARIA LTDA     Av. Antonio Pires Pimentel,707                      12914001Protesto após 5 dias                                        000024
1                   000902692011248461-10510                  0000000000000010510700000000002               0110510     08061400000000500000000000012N050614000000000000001670000000000000000000000000000000000000000000000112632803000148RUBIANA SERVIÇOS DE CARTORIO, CERTIDÕES Rua das Esmeraldas,186                              09920520Protesto após 5 dias                                        000025
1                   000902692011248461-10511                  0000000000000010511500000000002               0110511     08061400000000500000000000012N050614000000000000001670000000000000000000000000000000000000000000000102248702000114MOURA E MENEZES SERVIÇOS ADMINISTRATIVOSRua Dr. Curvelo Cavalcante,189-Loja 101             23810201Protesto após 5 dias                                        000026
1                   000902692011248461-10512                  0000000000000010512300000000002               0110512     08061400000000500000000000012N050614000000000000001670000000000000000000000000000000000000000000000111619454000161ASSESSORIA CARTORÁRIA DO NORDESTE LTDA  Av. Conselheiro Rosa e Silva,1460-Sala 1            52020220Protesto após 5 dias                                        000027
1                   000902692011248461-10513                  0000000000000010513100000000002               0110513     08061400000000500000000000012N050614000000000000001670000000000000000000000000000000000000000000000112572498000146Alphacentral Documentos e Serviços LTDA Rua Cel. Siqueira de Moraes,125/127                 13201032Protesto após 5 dias                                        000028
1                   000902692011248461-10514                  0000000000000010514P00000000002               0110514     08061400000000044410000000012N050614000000000000000150000000000000000000000000000000000000000000000112837049000182TOWER NITEROI SERVIÇOS DE CARTÓRIO E CERRua Visconde de Sepetiba,935-SL 625                 24020206Protesto após 5 dias                                        000029
1                   000902692011248461-10515                  0000000000000010515800000000002               0110515     08061400000000007250000000012N050614000000000000000020000000000000000000000000000000000000000000000112139078000170RW MARIZ ESTRUTURA CARTORAL LTDA        Av Epitácio Pessoa,475-Sala 05                      58030906Protesto após 5 dias                                        000030
1                   000902692011248461-10516                  0000000000000010516600000000002               0110516     08061400000000500000000000012N050614000000000000001670000000000000000000000000000000000000000000000112498961000157HANNAH ASSESSORIA CARTORÁRIA LTDA       Rua Visconde de Mauá,208-Térreo                     45652468Protesto após 5 dias                                        000031
1                   000902692011248461-10517                  0000000000000010517400000000002               0110517     08061400000001750000000000012N050614000000000000005830000000000000000000000000000000000000000000000113133167000172G I CART SERVIÇOS ORGANIZACIONAIS LTDA  Rua dos Marianos,132                                06016050Protesto após 5 dias                                        000032
1                   000902692011248461-10518                  0000000000000010518200000000002               0110518     08061400000000016390000000012N050614000000000000000050000000000000000000000000000000000000000000000113287999000143ASSESSORIA CARTORÁRIA PÁDUA LTDA        Rua Tiradentes,112-SL 201                           28300000Protesto após 5 dias                                        000033
1                   000902692011248461-10519                  0000000000000010519000000000002               0110519     08061400000000350000000000012N050614000000000000001170000000000000000000000000000000000000000000000115369569000104FERRAGUT E MUZEL SERVIÇOS ADMINISTRATIVORua Barão de Mauá,1152-Piso Superior, SL            13276080Protesto após 5 dias                                        000034
1                   000902692011248461-10520                  0000000000000010520400000000002               0110520     08061400000000057350000000012N050614000000000000000190000000000000000000000000000000000000000000000113913099000164ERM Serviços Administrativos LTDA       Rua 7 de Setembro,1315                              89010203Protesto após 5 dias                                        000035
1                   000902692011248461-10521                  0000000000000010521200000000002               0110521     08061400000000142850000000012N050614000000000000000480000000000000000000000000000000000000000000000113321680000197Ana Claudia Barbiere Alves Ferreira - MEAv. Brasil,326                                      14801050Protesto após 5 dias                                        000036
1                   000902692011248461-10522                  0000000000000010522000000000002               0110522     08061400000000023850000000012N050614000000000000000080000000000000000000000000000000000000000000000113350598000190CP SERVIÇOS ADMINISTRATIVO LTDA - ME    Rua Arnaldo Estevão de Figueiredo,640               78700150Protesto após 5 dias                                        000037
1                   000902692011248461-10523                  0000000000000010523900000000002               0110523     08061400000000122550000000012N050614000000000000000410000000000000000000000000000000000000000000000113585685000127ASSESSORIA CARTORÁRIA LIMEIRA LTDA ME   Rua Deputado Octavio Lopes,304 B                    13480021Protesto após 5 dias                                        000038
1                   000902692011248461-10524                  0000000000000010524700000000002               0110524     08061400000000112960000000012N050614000000000000000380000000000000000000000000000000000000000000000113406670000154RODRIGUES E VIEIRA LTDA.                104 SUL RUA SE 05 LOTE 23 | AC JK CAIXA             77006970Protesto após 5 dias                                        000039
1                   000902692011248461-10525                  0000000000000010525500000000002               0110525     08061400000000500000000000012N050614000000000000001670000000000000000000000000000000000000000000000113743219000122Valentim e Silva Serviços               Praça Antônio Dias,584                              38700110Protesto após 5 dias                                        000040
1                   000902692011248461-10526                  0000000000000010526300000000002               0110526     08061400000000025290000000012N050614000000000000000080000000000000000000000000000000000000000000000113576355000175LEME ASSESSORIA E CONSULTORIA DE DOCUMENRua Prudente de Moraes,933                          13320160Protesto após 5 dias                                        000041
1                   000902692011248461-10527                  0000000000000010527100000000002               0110527     08061400000000010500000000012N050614000000000000000040000000000000000000000000000000000000000000000114495115000109MSC ASSESSORIA E CONSULTORIA CARTORARIA Rua Duque de Caxias,161                             06401010Protesto após 5 dias                                        000042
1                   000902692011248461-10528                  0000000000000010528P00000000002               0110528     08061400000000500000000000012N050614000000000000001670000000000000000000000000000000000000000000000113845551000106MACEDO & MELO INTERMEDIACOES CARTORARIASRUA LIZANDRO NOGUEIRA,1223-SALA 304                 64000200Protesto após 5 dias                                        000043
1                   000902692011248461-10529                  0000000000000010529800000000002               0110529     08061400000000082590000000012N050614000000000000000280000000000000000000000000000000000000000000000113800899000179TEIXEIRA CARREIRO INTERMEDIACAO CARTORARRua Alan Kardec,50-SL 712                           27541290Protesto após 5 dias                                        000044
1                   000902692011248461-10530                  0000000000000010530100000000002               0110530     08061400000000500000000000012N050614000000000000001670000000000000000000000000000000000000000000000126069567000108JPS SERVIÇOS LTDA ME                    Rua Apinajés,1100-Cj. 501                           05017000Protesto após 5 dias                                        000045
1                   000902692011248461-10531                  0000000000000010531P00000000002               0110531     08061400000001750000000000012N050614000000000000005830000000000000000000000000000000000000000000000110573048000142SV3 SERVIÇOS ADMINISTRATIVOS EIRELI     Rua Tijuco Preto,544                                03316000Protesto após 5 dias                                        000046
1                   000902692011248461-10532                  0000000000000010532800000000002               0110532     08061400000000500000000000012N050614000000000000001670000000000000000000000000000000000000000000000114142222000153Araujo Oliveira Assessoria Cartoraria LTAv. Radial B,60-LJ 02                               42807380Protesto após 5 dias                                        000047
1                   000902692011248461-10533                  0000000000000010533600000000002               0110533     08061400000000350000000000012N050614000000000000001170000000000000000000000000000000000000000000000114456232000163CUNHA & ALVES ASSESSORIA COMERCIAL E INDRua Juscelino K. de Oliveira,763                    37580000Protesto após 5 dias                                        000048
1                   000902692011248461-10534                  0000000000000010534400000000002               0110534     08061400000000500000000000012N050614000000000000001670000000000000000000000000000000000000000000000115779004000197BONESSO & GIANETTI LTDA ME              Rua Nove de Julho,430-Lj 03 - Galeria de            13280000Protesto após 5 dias                                        000049
1                   000902692011248461-10535                  0000000000000010535200000000002               0110535     08061400000000500000000000012N050614000000000000001670000000000000000000000000000000000000000000000111834699000292REGIS ORLANDINI ASSESSORIA CARTORÁRIA EPPraça Manoel Bonito,65                              38440076Protesto após 5 dias                                        000050
1                   000902692011248461-10536                  0000000000000010536000000000002               0110536     08061400000000500000000000012N050614000000000000001670000000000000000000000000000000000000000000000115003436000101Via Rápida Intermediação Cartorária LTDARua Vereador Juca Pena,10                           36400000Protesto após 5 dias                                        000051
1                   000902692011248461-10537                  0000000000000010537900000000002               0110537     08061400000000500000000000012N050614000000000000001670000000000000000000000000000000000000000000000114467333000130Sirley Santos Niemic - ME               Av. Municipal,1779 A                                78250000Protesto após 5 dias                                        000052
1                   000902692011248461-10538                  0000000000000010538700000000002               0110538     08061400000000500000000000012N050614000000000000001670000000000000000000000000000000000000000000000114547088000170SPEED FOX ASSESSORIA CARTORARIA LTDA ME Rua General Dionisio,410-LOJA                       25075095Protesto após 5 dias                                        000053
1                   000902692011248461-10539                  0000000000000010539500000000002               0110539     08061400000000018000000000012N050614000000000000000060000000000000000000000000000000000000000000000114911193000147LOPES&LOPES INTERMEDIAÇÃO CARTORÁRIA LTDRua Marechal Deodoro,444-loja 322                   36010904Protesto após 5 dias                                        000054
1                   000902692011248461-10540                  0000000000000010540900000000002               0110540     08061400000000500000000000012N050614000000000000001670000000000000000000000000000000000000000000000115220454000226RENAULT ASSOCIADOS INTERMEDIACOES CARTORRua Benedito Valadares,520-LJ 03                    35660630Protesto após 5 dias                                        000055
1                   000902692011248461-10541                  0000000000000010541700000000002               0110541     08061400000000500000000000012N050614000000000000001670000000000000000000000000000000000000000000000115170049000160Ivani Marques de Souza - ME             Rua Barão do Rio Branco,1439 B                      16200001Protesto após 5 dias                                        000056
1                   000902692011248461-10542                  0000000000000010542500000000002               0110542     08061400000001000000000000012N050614000000000000003330000000000000000000000000000000000000000000000115447264000165CAMPDOC INTERMEDIAÇÃO CARTORÁRIA LTDA – Av. Barão de Monte Alegre,103                       13032525Protesto após 5 dias                                        000057
1                   000902692011248461-10543                  0000000000000010543300000000002               0110543     08061400000000070000000000012N050614000000000000000230000000000000000000000000000000000000000000000113372039000262DE PAULA E FRANÇA SERVIÇOS PRIVADOS E INRua Roberto Calmon,140                              29200340Protesto após 5 dias                                        000058
1                   000902692011248461-10544                  0000000000000010544100000000002               0110544     08061400000000500000000000012N050614000000000000001670000000000000000000000000000000000000000000000115328775000168Bagini e Okumura Intermediações CartorárRua Laurindo Borges,1494                            87303240Protesto após 5 dias                                        000059
1                   000902692011248461-10545                  0000000000000010545P00000000002               0110545     08061400000000500000000000012N050614000000000000001670000000000000000000000000000000000000000000000115776815000134RCA - PREST CART INTERMEDIAÇÃO CARTORARIRua João Caetano,185-LJ 103                         24710405Protesto após 5 dias                                        000060
1                   000902692011248461-10546                  0000000000000010546800000000002               0110546     08061400000000300000000000012N050614000000000000001000000000000000000000000000000000000000000000000115523647000175TGD ASSESSORIA E CONSULTORIA LTDA       Rua Coronel Antonio Cardoso Pinto,34 A              37640000Protesto após 5 dias                                        000061
1                   000902692011248461-10547                  0000000000000010547600000000002               0110547     08061400000000500000000000012N050614000000000000001670000000000000000000000000000000000000000000000116465255000160Tocantins Intermediação Cartorária LTDA-RUA RODOVIÁRIA,193-SALA 01                          77805040Protesto após 5 dias                                        000062
1                   000902692011248461-10548                  0000000000000010548400000000002               0110548     08061400000000500000000000012N050614000000000000001670000000000000000000000000000000000000000000000115731322000188MEIRELES SERVIÇOS DE APOIO ADMINISTRATIVRua José Marcelino de Oliveira,374-BAIXO            67030170Protesto após 5 dias                                        000063
1                   000902692011248461-10549                  0000000000000010549200000000002               0110549     08061400000000500000000000012N050614000000000000001670000000000000000000000000000000000000000000000116608106000102CONTAK INTERMEDIAÇÕES CARTORARIAS LTDA  Av. Conselheiro Nebias,754                          11045002Protesto após 5 dias                                        000064
1                   000902692011248461-10550                  0000000000000010550600000000002               0110550     08061400000001000000000000012N050614000000000000003330000000000000000000000000000000000000000000000115803475000193PEDRO, BASTOS & JONES SERVIÇOS ASMINISTRRua Duque de Caxias,01-SL 31                        28613060Protesto após 5 dias                                        000065
1                   000902692011248461-10551                  0000000000000010551400000000002               0110551     08061400000000500000000000012N050614000000000000001670000000000000000000000000000000000000000000000115872523000103HEITOR PIGHINI BARBADO ME               Rua Senador José Bonifácio,312-B                    13800060Protesto após 5 dias                                        000066
1                   000902692011248461-10552                  0000000000000010552200000000002               0110552     08061400000001000000000000012N050614000000000000003330000000000000000000000000000000000000000000000118997889000199CP CAMPO GRANDE INTERMEDIACOES CARTORARIRua Amaral Costa,408-LJ 01                          23050260Protesto após 5 dias                                        000067
1                   000902692011248461-10553                  0000000000000010553000000000002               0110553     08061400000000500000000000012N050614000000000000001670000000000000000000000000000000000000000000000115566079000190Marins Consultoria e Intermediação CartoAvenida Brasil,4140-Sala 13                         87503420Protesto após 5 dias                                        000068
1                   000902692011248461-10554                  0000000000000010554900000000002               0110554     08061400000001000000000000012N050614000000000000003330000000000000000000000000000000000000000000000115703802000135Assecar Apoio Administrativo de MArilia Rua Carlos Gomes,343                                17501000Protesto após 5 dias                                        000069
1                   000902692011248461-10555                  0000000000000010555700000000002               0110555     08061400000000500000000000012N050614000000000000001670000000000000000000000000000000000000000000000115723896000104Walter Shuji Kishi eireli-ME            Avenida Presidente Getúio Vargas,2214-Lo            45990289Protesto após 5 dias                                        000070
1                   000902692011248461-10556                  0000000000000010556500000000002               0110556     08061400000000500000000000012N050614000000000000001670000000000000000000000000000000000000000000000115665799000102OLIVEIRA E PEIXOTO LTDA                 Rua Barbosa de Sousa,25-SL 006 - Centro             45203640Protesto após 5 dias                                        000071
1                   000902692011248461-10557                  0000000000000010557300000000002               0110557     08061400000000500000000000012N050614000000000000001670000000000000000000000000000000000000000000000116911487000102L & A INTERMEDIAÇÕES CARTORÁRIAS LTDA   Rua Marechal Deodoro,111                            48005020Protesto após 5 dias                                        000072
1                   000902692011248461-10558                  0000000000000010558100000000002               0110558     08061400000000500000000000012N050614000000000000001670000000000000000000000000000000000000000000000116615091000100MEG INTERMEDIAÇÃO CARTORÁRIA            Av. 13,625                                          13500340Protesto após 5 dias                                        000073
1                   000902692011248461-10559                  0000000000000010559P00000000002               0110559     08061400000000200000000000012N050614000000000000000670000000000000000000000000000000000000000000000115696350000101Almeida Intermediação cartorária LTDA MERua José Brenha Ribeiro,23                          18130495Protesto após 5 dias                                        000074
1                   000902692011248461-10560                  0000000000000010560300000000002               0110560     08061400000000500000000000012N050614000000000000001670000000000000000000000000000000000000000000000119373945000187MR Sistema de Intermediação Cartorária LRua 29 de Abril,123                                 13256000Protesto após 5 dias                                        000075
1                   000902692011248461-10561                  0000000000000010561100000000002               0110561     08061400000000500000000000012N0506140000000000000016700000000000000000000000000000000000000000000001157926280001442 W V INTERMEDIAÇÃO CARTORÁRIA LTDA-ME  Rua Marechal Deodoro,44                             12500210Protesto após 5 dias                                        000076
1                   000902692011248461-10562                  0000000000000010562P00000000002               0110562     08061400000000500000000000012N050614000000000000001670000000000000000000000000000000000000000000000115779486000185ANA LIDIA ANDRADE VASCONCELOS CISOTTO - Rua Mário Pedro Vercellino,411                      18550000Protesto após 5 dias                                        000077
1                   000902692011248461-10563                  0000000000000010563800000000002               0110563     08061400000001000000000000012N050614000000000000003330000000000000000000000000000000000000000000000116566686000112SOMARX INTERMEDIAÇÃO CARTORÁRIA LTDA    QN 07 - AREA ESPECIAL 1 TERREO LOJA,11-R            71805731Protesto após 5 dias                                        000078
1                   000902692011248461-10564                  0000000000000010564600000000002               0110564     08061400000001000000000000012N050614000000000000003330000000000000000000000000000000000000000000000116651907000150COTIA CENTRAL - SERVIÇOS ADMINISTRATIVOSRua Joaquim Nunes Filho,204                         06717180Protesto após 5 dias                                        000079
1                   000902692011248461-10565                  0000000000000010565400000000002               0110565     08061400000001500000000000012N050614000000000000005000000000000000000000000000000000000000000000000117013577000130RIBEIRO INTERMEDIAÇÃO CARTORÁRIA LTDA.  Av. Presidente Marques,1212                         78045008Protesto após 5 dias                                        000080
1                   000902692011248461-10566                  0000000000000010566200000000002               0110566     08061400000000500000000000012N050614000000000000001670000000000000000000000000000000000000000000000116455215000137MIM Consultoria, Assessoria e IntermediaRua Gal. Bacelar,504                                96200370Protesto após 5 dias                                        000081
1                   000902692011248461-10567                  0000000000000010567000000000002               0110567     08061400000000500000000000012N050614000000000000001670000000000000000000000000000000000000000000000116850829000113FORMAGIO & MILARE LTDA ME               Rua Princesa Izabel,994                             17900000Protesto após 5 dias                                        000082
1                   000902692011248461-10568                  0000000000000010568900000000002               0110568     08061400000001000000000000012N050614000000000000003330000000000000000000000000000000000000000000000116988183000135MENEZES & AMARAL INTERMEDIAÇÃO CARTORÁRIRua Israel Pinheiro,2500-LJ 1                       35020220Protesto após 5 dias                                        000083
1                   000902692011248461-10569                  0000000000000010569700000000002               0110569     08061400000000500000000000012N050614000000000000001670000000000000000000000000000000000000000000000117163022000175DEFTHJ CONSULTORIA E ASSESSORIA CARTORÁRR. Pedro Procópio,48                                06501130Protesto após 5 dias                                        000084
1                   000902692011248461-10570                  0000000000000010570000000000002               0110570     08061400000000500000000000012N050614000000000000001670000000000000000000000000000000000000000000000116943517000154SOUZA SERVIÇOS DE DOCUMENTOS S/S LTDA EPR. Coronel Aureliano de Camargo,666                 18270170Protesto após 5 dias                                        000085
1                   000902692011248461-10571                  0000000000000010571900000000002               0110571     08061400000000500000000000012N050614000000000000001670000000000000000000000000000000000000000000000117206713000109FABIO TOMAZ CARDOSO - ME                Rua Primeiro de Maio,202-SL 507                     09015030Protesto após 5 dias                                        000086
1                   000902692011248461-10572                  0000000000000010572700000000002               0110572     08061400000000800000000000012N050614000000000000002670000000000000000000000000000000000000000000000116383668000103MADJ SERVIÇOS DE INTERMEDIAÇÃO CARTORÁRIRua Nestor de Barros,48                             03325050Protesto após 5 dias                                        000087
1                   000902692011248461-10573                  0000000000000010573500000000002               0110573     08061400000000500000000000012N050614000000000000001670000000000000000000000000000000000000000000000111834699000373REGIS ORLANDINI ASSESSORIA CARTORÁRIA EPRua Dr. Frankilin de Castro,238                     38183120Protesto após 5 dias                                        000088
1                   000902692011248461-10574                  0000000000000010574300000000002               0110574     08061400000000500000000000012N050614000000000000001670000000000000000000000000000000000000000000000116899904000130E. F. AURELIA NEGOCIOS E INTERMEDIAÇÃO CRua Liberdade,596                                   06853700Protesto após 5 dias                                        000089
1                   000902692011248461-10575                  0000000000000010575100000000002               0110575     08061400000000500000000000012N050614000000000000001670000000000000000000000000000000000000000000000116949930000126CIRENO FILHO INTERMEDIAÇÃO CARTORARIA   Rua Carlos Eduardo Nichele,1382-LJ01                83833022Protesto após 5 dias                                        000090
1                   000902692011248461-10576                  0000000000000010576P00000000002               0110576     08061400000000350000000000012N050614000000000000001170000000000000000000000000000000000000000000000116811847000196TOLEDO & PEREIRA VASSALO LTDA ME        Rua Santos Pereira,212                              37500026Protesto após 5 dias                                        000091
1                   000902692011248461-10577                  0000000000000010577800000000002               0110577     08061400000001000000000000012N050614000000000000003330000000000000000000000000000000000000000000000116819238000183CARLOS ALBERTO ROCHA DE MELO - ME       R. Hermógenes Freire da Costa,02-LJ 05              28940000Protesto após 5 dias                                        000092
1                   000902692011248461-10578                  0000000000000010578600000000002               0110578     08061400000000500000000000012N050614000000000000001670000000000000000000000000000000000000000000000116694354000113DOCUMENTOS BRASIL SERVIÇOS E ASSESSORIA Rua Manoel Pereira,540                              13970346Protesto após 5 dias                                        000093
1                   000902692011248461-10579                  0000000000000010579400000000002               0110579     08061400000000500000000000012N050614000000000000001670000000000000000000000000000000000000000000000116945793000151JLM INTERMEDIAÇÃO CARTORÁRIA LTDA       Av. Tiradentes,618-LJ 03                            36307348Protesto após 5 dias                                        000094
1                   000902692011248461-10580                  0000000000000010580800000000002               0110580     08061400000001750000000000012N050614000000000000005830000000000000000000000000000000000000000000000116927836000176C. M. MILROT CONSULTORIA E INTERMEDIAÇÃOAl. Ribeirão Preto,551-SL 24                        01331001Protesto após 5 dias                                        000095
1                   000902692011248461-10581                  0000000000000010581600000000002               0110581     08061400000000500000000000012N050614000000000000001670000000000000000000000000000000000000000000000116935668000160FLASH DOC INTERMEDIAÇÕES CARTORARIAS    Av. Caetano Barrela,209                             06763460Protesto após 5 dias                                        000096
1                   000902692011248461-10582                  0000000000000010582400000000002               0110582     08061400000000500000000000012N050614000000000000001670000000000000000000000000000000000000000000000116964316000133CAMARGO & ESTRACINE INTERMEDIAÇÃO CARTORRua Miguel Anselmo,260                              15900000Protesto após 5 dias                                        000097
1                   000902692011248461-10583                  0000000000000010583200000000002               0110583     08061400000001200000000000012N050614000000000000004000000000000000000000000000000000000000000000000117829100000128JS & BOIM INTERMEDIAÇÃO CARTORÁRIA LTDA Rua Tabatinguera,140-SL 409 e 410                   01020000Protesto após 5 dias                                        000098
1                   000902692011248461-10584                  0000000000000010584000000000002               0110584     08061400000001000000000000012N050614000000000000003330000000000000000000000000000000000000000000000112587280000165RTC INTERMEDIAÇÃO CARTORÁRIA LTDA - ME  Rua Montenegro,171 A                                11410040Protesto após 5 dias                                        000099
1                   000902692011248461-10585                  0000000000000010585900000000002               0110585     08061400000000500000000000012N050614000000000000001670000000000000000000000000000000000000000000000116729531000150GOMES VERAS INTERMEDIAÇÃO CARTORÁRIA LTDRua Maranhão,763-Sala 17 R                          65901590Protesto após 5 dias                                        000100
1                   000902692011248461-10586                  0000000000000010586700000000002               0110586     08061400000001000000000000012N050614000000000000003330000000000000000000000000000000000000000000000116970183000108NR INTERMEDIAÇÃO CARTORÁRIA LTDA        Av. Dom Luis,500-Piso L0, Loja 38, Shopp            60160230Protesto após 5 dias                                        000101
1                   000902692011248461-10587                  0000000000000010587500000000002               0110587     08061400000000500000000000012N050614000000000000001670000000000000000000000000000000000000000000000117103695000210Vale Rio - Intermediação Cartorária LtdaRua do Paraíso,97-SL 29                             48903050Protesto após 5 dias                                        000102
1                   000902692011248461-10588                  0000000000000010588300000000002               0110588     08061400000000500000000000012N050614000000000000001670000000000000000000000000000000000000000000000117103695000130VALE RIO - INTERMEDIAÇÃO CARTORÁRIA LTDAPraça Pio XII,290-2º Andar, SL 01                   56304430Protesto após 5 dias                                        000103
1                   000902692011248461-10589                  0000000000000010589100000000002               0110589     08061400000000500000000000012N050614000000000000001670000000000000000000000000000000000000000000000117488037000103LG INTERMEDIAÇÃO CARTORÁRIA LTDA ME     Rua Rafael Nascimento,300 C                         75901290Protesto após 5 dias                                        000104
1                   000902692011248461-10590                  0000000000000010590500000000002               0110590     08061400000001000000000000012N050614000000000000003330000000000000000000000000000000000000000000000117197147000116POSTCAR INTERMEDIAÇÃO CARTORÁRIA LTDA   Rua Amaro Genari,40-Sala 33                         09810270Protesto após 5 dias                                        000105
1                   000902692011248461-10591                  0000000000000010591300000000002               0110591     08061400000000300000000000012N050614000000000000001000000000000000000000000000000000000000000000000117216619000130F E M INTERMEDIAÇÃO CARTORARIA LTDA ME  Av. Dom Pedro II,135-Sala 22                        37470000Protesto após 5 dias                                        000106
1                   000902692011248461-10592                  0000000000000010592100000000002               0110592     08061400000000500000000000012N050614000000000000001670000000000000000000000000000000000000000000000118294473000104VIEIRA E SCORALICK LTDA                 Rua Getúlio Vargas,53                               34800000Protesto após 5 dias                                        000107
1                   000902692011248461-10593                  0000000000000010593P00000000002               0110593     08061400000000350000000000012N050614000000000000001170000000000000000000000000000000000000000000000118325368000195FERREIRA CAMPOS CONSULTORIA E INTERMEDIARua Joaquim Manuel,248                              46430000Protesto após 5 dias                                        000108
1                   000902692011248461-10594                  0000000000000010594800000000002               0110594     08061400000001500000000000012N050614000000000000005000000000000000000000000000000000000000000000000117234137000103Postal Services - Assessoria e Serviços Pç das Orquideas,186-SL 04 | 1º Andar               06453002Protesto após 5 dias                                        000109
1                   000902692011248461-10595                  0000000000000010595600000000002               0110595     08061400000000500000000000012N050614000000000000001670000000000000000000000000000000000000000000000117292398000180DOTTON INTERMEDIACAO CARTORARIA LTDA - MRua Senador Fláquer,241-Conjunto 09                 09010160Protesto após 5 dias                                        000110
1                   000902692011248461-10596                  0000000000000010596400000000002               0110596     08061400000000500000000000012N050614000000000000001670000000000000000000000000000000000000000000000117344439000134Carneiro e Santana Intermediação CartoráRua Brasil,210-SALA A                               19800100Protesto após 5 dias                                        000111
1                   000902692011248461-10597                  0000000000000010597200000000002               0110597     08061400000001000000000000012N050614000000000000003330000000000000000000000000000000000000000000000118103169000132AHEAD ASSESSORIA E CONSULTORIA EM INTERMRua Fernando Falcão,913                             03180002Protesto após 5 dias                                        000112
1                   000902692011248461-10598                  0000000000000010598000000000002               0110598     08061400000000500000000000012N050614000000000000001670000000000000000000000000000000000000000000000117474125000156MAGAVIX INTERMEDIAÇÃO E LOGISTICA DE DISRua Amapá,1777                                      87704070Protesto após 5 dias                                        000113
1                   000902692011248461-10599                  0000000000000010599900000000002               0110599     08061400000000500000000000012N050614000000000000001670000000000000000000000000000000000000000000000118726605000120OLIVEIRA CECHET INTERMEDIAÇÃO CARTORÁRIARua Cleriston Andrade,132-QD 23 LT 03 SL            47850000Protesto após 5 dias                                        000114
1                   000902692011248461-10600                  0000000000000010600600000000002               0110600     08061400000000500000000000012N050614000000000000001670000000000000000000000000000000000000000000000117569606000145RP SERVIÇOS CARTORARIOS LTDA            Av. Santos Dumont,3257-Comercial MM501 L            42700000Protesto após 5 dias                                        000115
1                   000902692011248461-10601                  0000000000000010601400000000002               0110601     08061400000001000000000000012N050614000000000000003330000000000000000000000000000000000000000000000109532074000143OTTIMIZA ASSESSORIA CARTORARIA LTDA - MERua Raimundo Chaves,1584                            59064390Protesto após 5 dias                                        000116
1                   000902692011248461-10602                  0000000000000010602200000000002               0110602     08061400000000500000000000012N050614000000000000001670000000000000000000000000000000000000000000000118527392000107CARGER PRESTAÇÃO DE SERVIÇOS LTDA - ME  Av. Brasília,2018-SL 05                             33105492Protesto após 5 dias                                        000117
1                   000902692011248461-10603                  0000000000000010603000000000002               0110603     08061400000000500000000000012N050614000000000000001670000000000000000000000000000000000000000000000117497344000150VAP POSTAL INTERMEDIAÇÃO CARTORÁRIA LTDARua Teodorico Tourinho,304                          39800010Protesto após 5 dias                                        000118
1                   000902692011248461-10604                  0000000000000010604900000000002               0110604     08061400000000500000000000012N050614000000000000001670000000000000000000000000000000000000000000000113622593000170Moraes & Vessoni Serv. e Ass. CartorariaRua Paraná,629                                      19900021Protesto após 5 dias                                        000119
1                   000902692011248461-10605                  0000000000000010605700000000002               0110605     08061400000000500000000000012N050614000000000000001670000000000000000000000000000000000000000000000117605176000170CARIRI INTERMEDIACAO CARTORARIA LTDA - MRua Delmiro Gouveia,51                              63010075Protesto após 5 dias                                        000120
1                   000902692011248461-10606                  0000000000000010606500000000002               0110606     08061400000000500000000000012N050614000000000000001670000000000000000000000000000000000000000000000117736384000108JANAINA FERREIRA DE TOLEDO PEREIRA      Rua Vanor Junqueira Franco,300-Fundos               14701010Protesto após 5 dias                                        000121
1                   000902692011248461-10607                  0000000000000010607300000000002               0110607     08061400000000500000000000012N050614000000000000001670000000000000000000000000000000000000000000000117880167000197AGUIA INTERMEDIAÇÃO CARTORARIA LTDA - MERua Voluntários da Pátria,524                       02010000Protesto após 5 dias                                        000122
1                   000902692011248461-10608                  0000000000000010608100000000002               0110608     08061400000000500000000000012N050614000000000000001670000000000000000000000000000000000000000000000117966691000185GERENCIAMENTO DE CERTIDOES E DOCUMENTOS Rua Cincinato Pinto,297-SL 105                      57020670Protesto após 5 dias                                        000123
1                   000902692011248461-10609                  0000000000000010609P00000000002               0110609     08061400000000300000000000012N050614000000000000001000000000000000000000000000000000000000000000000117882102000180JK INTERMEDIAÇÕES CARTORÁRIAS           Av. Francisco Monteiro,95                           09400310Protesto após 5 dias                                        000124
1                   000902692011248461-10610                  0000000000000010610300000000002               0110610     08061400000000500000000000012N050614000000000000001670000000000000000000000000000000000000000000000118268113000138LINS E SILVA INTERMEDIAÇÕES CARTORÁRIAS Rua Visconde de Campo Alegre,149-1º Anda            54505370Protesto após 5 dias                                        000125
1                   000902692011248461-10611                  0000000000000010611100000000002               0110611     08061400000000500000000000012N050614000000000000001670000000000000000000000000000000000000000000000116456499000267FILADELFIA CARTORÁRIOS E DOCUMENTAIS    Rua Antônio Teles de Menezes,41-SL 407              25520630Protesto após 5 dias                                        000126
1                   000902692011248461-10612                  0000000000000010612P00000000002               0110612     08061400000001000000000000012N050614000000000000003330000000000000000000000000000000000000000000000115417430000180AME - AMOEDO MEDRADO EMPREENDIMENTOS LTDPç. João Barbosa Carvalho,58                        44001144Protesto após 5 dias                                        000127
1                   000902692011248461-10613                  0000000000000010613800000000002               0110613     08061400000001000000000000012N050614000000000000003330000000000000000000000000000000000000000000000114501933000177ROBERTO MACEDO DE ALBUQUERQUE ME        Rua Alameda Antofagasta,77-SL 301                   97050660Protesto após 5 dias                                        000128
1                   000902692011248461-10614                  0000000000000010614600000000002               0110614     08061400000001500000000000012N050614000000000000005000000000000000000000000000000000000000000000000118133083000152MALTAURO BEZERRA CONSULTORIA E INTERMEDIAv. Tancredo Neves,1485-LJ 01                       41820021Protesto após 5 dias                                        000129
1                   000902692011248461-10615                  0000000000000010615400000000002               0110615     08061400000001750000000000012N050614000000000000005830000000000000000000000000000000000000000000000118384480000105INTERMEDIAÇÃO CARTORÁRIA INTERLAGOS LTDAAv. Nossa Senhora do Sabará,1687                    04685004Protesto após 5 dias                                        000130
1                   000902692011248461-10616                  0000000000000010616200000000002               0110616     08061400000000500000000000012N050614000000000000001670000000000000000000000000000000000000000000000117961015000119ADALBERTO ROCHA THOBIAS - ME            Av. Paulista,259-Oeste                              17280000Protesto após 5 dias                                        000131
1                   000902692011248461-10617                  0000000000000010617000000000002               0110617     08061400000000500000000000012N050614000000000000001670000000000000000000000000000000000000000000000118117942000110Rocha Orçai Intermediação Cartorária LtdRua dos Leites,69-Sala 118, Galeria Pôr             28470000Protesto após 5 dias                                        000132
1                   000902692011248461-10618                  0000000000000010618900000000002               0110618     08061400000000500000000000012N050614000000000000001670000000000000000000000000000000000000000000000118840724000109RM SERVIÇOS DE INTERMEDIAÇÃO CARTORÁRIA Av. Getúlio Vargas,44                               48601260Protesto após 5 dias                                        000133
1                   000902692011248461-10619                  0000000000000010619700000000002               0110619     08061400000001500000000000012N050614000000000000005000000000000000000000000000000000000000000000000118379292000180DOCUMENTUM BRASILIA LTDA - ME           CLN 316-BL E, LJ 06                                 70775550Protesto após 5 dias                                        000134
1                   000902692011248461-10620                  0000000000000010620000000000002               0110620     08061400000001000000000000012N050614000000000000003330000000000000000000000000000000000000000000000115007025000194FV Representação Comercial LTDA         Alameda Abricó,1856-LJ 03                           28890254Protesto após 5 dias                                        000135
1                   000902692011248461-10621                  0000000000000010621900000000002               0110621     08061400000000500000000000012N050614000000000000001670000000000000000000000000000000000000000000000118254685000168CASTELO BRANCO - INTERMEDIAÇÃO CARTÓRARIRua do Sol,382-Loja 06 - Centro Empresar            65300000Protesto após 5 dias                                        000136
1                   000902692011248461-10622                  0000000000000010622700000000002               0110622     08061400000000500000000000012N050614000000000000001670000000000000000000000000000000000000000000000118354262000110BOFF E MULLER INTERMEDIAÇÃO CARTORÁRIA LAv. Júlio de Castilhos,1340-SL 05 - Cent            95010003Protesto após 5 dias                                        000137
1                   000902692011248461-10623                  0000000000000010623500000000002               0110623     08061400000000500000000000012N050614000000000000001670000000000000000000000000000000000000000000000118596649000182LHL SERVIÇOS ADMINISTRATIVOS E INTERMEDIRua Assembléia de Deus,39-SL 411                    11500040Protesto após 5 dias                                        000138
1                   000902692011248461-10624                  0000000000000010624300000000002               0110624     08061400000000500000000000012N050614000000000000001670000000000000000000000000000000000000000000000119490850000143VA VIOTTO INTERMEDIACAO CAROTARIA - ME  Av. Farid Miguel Safatle,509-LJ 01                  75701040Protesto após 5 dias                                        000139
1                   000902692011248461-10625                  0000000000000010625100000000002               0110625     08061400000000500000000000012N050614000000000000001670000000000000000000000000000000000000000000000119289512000148P W INTERMEDIAÇÃO CARTORÁRIA LTDA       Rua Bonaire,312                                     65930000Protesto após 5 dias                                        000140
1                   000902692011248461-10626                  0000000000000010626P00000000002               0110626     08061400000001000000000000012N050614000000000000003330000000000000000000000000000000000000000000000118758648000197CASANOVA E CAL INTERMEDIAÇÃO CARTORÁRIA Rua Osvaldo Cruz,372-LJ 106                         41940000Protesto após 5 dias                                        000141
1                   000902692011248461-10627                  0000000000000010627800000000002               0110627     08061400000000500000000000012N050614000000000000001670000000000000000000000000000000000000000000000118607091000193ROBERTA CORREA BUENO GOLO ME            Praça 9 de Julho,123                                13960000Protesto após 5 dias                                        000142
1                   000902692011248461-10628                  0000000000000010628600000000002               0110628     08061400000000500000000000012N050614000000000000001670000000000000000000000000000000000000000000000103781158000134DESTRO & CABRAL INTERMEDIAÇÃO CARTORÁRIAAv. da Saudade,246                                  14840000Protesto após 5 dias                                        000143
1                   000902692011248461-10629                  0000000000000010629400000000002               0110629     08061400000000500000000000012N050614000000000000001670000000000000000000000000000000000000000000000118678770000153CHIMACHI E COGHI INTERMEDIAÇÃO CARTORÁRIRua Antônio Mourão,84-SL 03                         13610090Protesto após 5 dias                                        000144
1                   000902692011248461-10630                  0000000000000010630800000000002               0110630     08061400000000500000000000012N050614000000000000001670000000000000000000000000000000000000000000000118465701000161SANDRA RODRIGUES DE JESUS - EIRELI - ME Rua Tito Fulgêncio,164-SL 106, Galeria C            38500000Protesto após 5 dias                                        000145
1                   000902692011248461-10631                  0000000000000010631600000000002               0110631     08061400000000500000000000012N050614000000000000001670000000000000000000000000000000000000000000000118950650000163NOVA ERA INTERMEDIAÇÃO CARTORARIA LTDA -Av. Rui Barbosa,72-SL 13                            11740970Protesto após 5 dias                                        000146
1                   000902692011248461-10632                  0000000000000010632400000000002               0110632     08061400000000500000000000012N050614000000000000001670000000000000000000000000000000000000000000000118536552000184CAMPOS DO JORDAO INTERMEDIACAO CARTORARIRua Brigadeiro Jordão,636                           12460000Protesto após 5 dias                                        000147
1                   000902692011248461-10633                  0000000000000010633200000000002               0110633     08061400000000700000000000012N050614000000000000002330000000000000000000000000000000000000000000000118758564000153M & M INTERMEDIAÇÃO CARTORÁRIA LTDA - MERua Dom Luis Felipe de Orleans,1177                 02118001Protesto após 5 dias                                        000148
1                   000902692011248461-10634                  0000000000000010634000000000002               0110634     08061400000001000000000000012N050614000000000000003330000000000000000000000000000000000000000000000119166528000163ESANNF â€“ SERVIÃ‡OS DE APOIO AS EMPRESARua do Arroz,90-SL 451                              21011070Protesto após 5 dias                                        000149
1                   000902692011248461-10635                  0000000000000010635900000000002               0110635     08061400000000350000000000012N050614000000000000001170000000000000000000000000000000000000000000000118717359000140FAVARO INTERMEDIAÇÃO CARTORÁRIA LTDA -MEAv. Cinco,300                                       14620000Protesto após 5 dias                                        000150
1                   000902692011248461-10636                  0000000000000010636700000000002               0110636     08061400000001000000000000012N050614000000000000003330000000000000000000000000000000000000000000000118592122000180JET-POST INTERMEDIAÇÃO CARTORÁRIA LTDA -Av. Santo Amaro,1198                                04506001Protesto após 5 dias                                        000151
1                   000902692011248461-10637                  0000000000000010637500000000002               0110637     08061400000000500000000000012N050614000000000000001670000000000000000000000000000000000000000000000118995227000180MM SERVIÇO DE INTERMEDIAÇÃO DE NEGOCIO LAv. Coumbiara,4489                                  76940000Protesto após 5 dias                                        000152
1                   000902692011248461-10638                  0000000000000010638300000000002               0110638     08061400000000500000000000012N050614000000000000001670000000000000000000000000000000000000000000000119204476000172ICSF - INTERMEDIAÇÃO CARTORARIA SAPONARARua Sebastião Silvestre Neves,279-LJ 28             11600000Protesto após 5 dias                                        000153
1                   000902692011248461-10639                  0000000000000010639100000000002               0110639     08061400000000500000000000012N050614000000000000001670000000000000000000000000000000000000000000000114445177000106Bruce Costa Vilafranca - ME             Rua Paschoal Gianfrancesco,60-Salão 10              13224700Protesto após 5 dias                                        000154
1                   000902692011248461-10640                  0000000000000010640500000000002               0110640     08061400000000500000000000012N050614000000000000001670000000000000000000000000000000000000000000000118917837000165VALE FV - INTERMEDIACAO CARTORARIA LTDA Rua Bernardino de Campos,44-SL 26/27, 1º            12308010Protesto após 5 dias                                        000155
1                   000902692011248461-10641                  0000000000000010641300000000002               0110641     08061400000000500000000000012N050614000000000000001670000000000000000000000000000000000000000000000119448391000130YANA SANTOS SOUTO MAIOR VIEIRA - ME     Av. Agamenon Magalhães,444-SL 426                   55012290Protesto após 5 dias                                        000156
1                   000902692011248461-10642                  0000000000000010642100000000002               0110642     08061400000000500000000000012N050614000000000000001670000000000000000000000000000000000000000000000119044805000165RB CONSULTORIA E ASSESSORIA EIRELI      Rua Eliseu Guilherme,724                            14025020Protesto após 5 dias                                        000157
1                   000902692011248461-10643                  0000000000000010643P00000000002               0110643     08061400000000500000000000012N050614000000000000001670000000000000000000000000000000000000000000000119137241000105OLIVEIRA E VALDEZ INTERMEDIAÇÕES CARTORÁAlameda Doutor Carlos de Carvalho,655-LJ            80430180Protesto após 5 dias                                        000158
1                   000902692011248461-10644                  0000000000000010644800000000002               0110644     08061400000001000000000000012N050614000000000000003330000000000000000000000000000000000000000000000116990226000117E. ROFELD SERVIÇOS ADMINISTRATIVOS ME   Av. Angélica,1814-CJ 606                            01228200Protesto após 5 dias                                        000159
1                   000902692011248461-10645                  0000000000000010645600000000002               0110645     08061400000001000000000000012N050614000000000000003330000000000000000000000000000000000000000000000113031763000141QUALY SERVIÇOS CARTORÁRIOS LTDA         Est. do Gabinal,313-LJ 215-216                      22760151Protesto após 5 dias                                        000160
1                   000902692011248461-10646                  0000000000000010646400000000002               0110646     08061400000000500000000000012N050614000000000000001670000000000000000000000000000000000000000000000119219421000136OK INTERMEDIAÇAO CARTORARIA LTDA        Rua Jeronimo Coelho,140-SL 04                       89201205Protesto após 5 dias                                        000161
1                   000902692011248461-10647                  0000000000000010647200000000002               0110647     08061400000001000000000000012N050614000000000000003330000000000000000000000000000000000000000000000119344677000175Fontenelle, Viana & Santos IntermediaçãoRua Conde de Bonfim,310-Subsolo - LJ G              20520054Protesto após 5 dias                                        000162
1                   000902692011248461-10648                  0000000000000010648000000000002               0110648     08061400000000500000000000012N050614000000000000001670000000000000000000000000000000000000000000000119156294000173SIMPLES E ASSIM INTERMEDIAÇÃO CARTORÁRIARua Visconde do Rio Branco,824                      18602000Protesto após 5 dias                                        000163
1                   000902692011248461-10649                  0000000000000010649900000000002               0110649     08061400000000500000000000012N050614000000000000001670000000000000000000000000000000000000000000000119152213000167MAIS FACIL INTERMEDIAÇÃO CARTORARIA     Av. Cel. Manoel Inocêncio,631-LJ 17                 12281010Protesto após 5 dias                                        000164
1                   000902692011248461-10650                  0000000000000010650200000000002               0110650     08061400000000500000000000012N050614000000000000001670000000000000000000000000000000000000000000000119571061000137KAIROS PRESTAÇÃO DE SERVIÇOS E INTERMEDIRua T,02-QD 02, Lote 09, Sala 08                    77064566Protesto após 5 dias                                        000165
1                   000902692011248461-10651                  0000000000000010651000000000002               0110651     08061400000000500000000000012N050614000000000000001670000000000000000000000000000000000000000000000117909648000188CAME - CACIM AMOEDO MEDRADO EMPREENDIMENRua Francisco Drumond,36 A                          42800500Protesto após 5 dias                                        000166
1                   000902692011248461-10652                  0000000000000010652900000000002               0110652     08061400000000500000000000012N050614000000000000001670000000000000000000000000000000000000000000000119376967000109INOVAÇÃO SERVIÇOS DE APOIO ADMINISTRATIVRua Coronel João Urbano,85                          37002350Protesto após 5 dias                                        000167
1                   000902692011248461-10653                  0000000000000010653700000000002               0110653     08061400000000500000000000012N050614000000000000001670000000000000000000000000000000000000000000000118939109000154J.B. NASCIMENTO INTERMEDIAÇÃO CARTORARIARua Pará,3222                                       15502236Protesto após 5 dias                                        000168
1                   000902692011248461-10654                  0000000000000010654500000000002               0110654     08061400000001000000000000012N050614000000000000003330000000000000000000000000000000000000000000000119353380000176RODOPOSTALLE SERVICOS CARTORARIOS LTDA -Rua Flores do Piauí,99-SL 03, 1º Andar              08210200Protesto após 5 dias                                        000169
1                   000902692011248461-10655                  0000000000000010655300000000002               0110655     08061400000000500000000000012N050614000000000000001670000000000000000000000000000000000000000000000119079601000160M & E INTERMEDIAÇÃO CARTORÁRIA LTDA - MERua João Cesar de Oliveira,2295-SL 101,             32315000Protesto após 5 dias                                        000170
1                   000902692011248461-10656                  0000000000000010656100000000002               0110656     08061400000000500000000000012N050614000000000000001670000000000000000000000000000000000000000000000119054315000140FERNANDA MUNDOSTOCK RAYMUNDO EPP        Av. José de Alencar,729                             90880481Protesto após 5 dias                                        000171
1                   000902692011248461-10657                  0000000000000010657P00000000002               0110657     08061400000000300000000000012N050614000000000000001000000000000000000000000000000000000000000000000119318001000107SOBRAL INTERMEDIAÇÃO DE DOCUMENTOS LTDA Rua Tabelião Ildefonso Cavalcante,417               62010015Protesto após 5 dias                                        000172
1                   000902692011248461-10658                  0000000000000010658800000000002               0110658     08061400000001000000000000012N050614000000000000003330000000000000000000000000000000000000000000000119451478000166MELLO 7 LEBLON SERVIÇOS DE DESPACHANTES Av. Ataulfo de Paiva,1174-SL 05                     22440035Protesto após 5 dias                                        000173
1                   000902692011248461-10659                  0000000000000010659600000000002               0110659     08061400000001000000000000012N050614000000000000003330000000000000000000000000000000000000000000000119667269000154ANDRADE CONSULTORIA E INTERMEDIAÇÃO CARTAv. Dantas Barreto,1090-5ºAndar, Edf. Sa            50020000Protesto após 5 dias                                        000174
1                   000902692011248461-10660                  0000000000000010660P00000000002               0110660     08061400000001000000000000012N050614000000000000003330000000000000000000000000000000000000000000000110329307000194MCDI INTERMEDIAÇÕES CARTORÁRIAS LTDA - MRua Sargento João Lopes,263                         21931420Protesto após 5 dias                                        000175
1                   000902692011248461-10661                  0000000000000010661800000000002               0110661     08061400000000500000000000012N050614000000000000001670000000000000000000000000000000000000000000000108490584000132M.C. RABHA SERVIÇOS ADMINISTRATIVOS     Rua da Conceição,132-SL 201                         23900435Protesto após 5 dias                                        000176
1                   000902692011248461-10662                  0000000000000010662600000000002               0110662     08061400000001000000000000012N050614000000000000003330000000000000000000000000000000000000000000000119533129000193ATS - ALTRAN SERVICOS EMPRESARIAIS LTDA Av. Conselheiro Carrão,2300-CJ 91                   03403001Protesto após 5 dias                                        000177
1                   000902692011248461-10663                  0000000000000010663400000000002               0110663     08061400000000500000000000012N050614000000000000001670000000000000000000000000000000000000000000000119626247000146PAGANI INTERMEDIAÇÃO CARTORÁRIA LTDA    Av. Plínio Arlindo de Nês,1372-SL 01                89825000Protesto após 5 dias                                        000178
1                   000902692011248461-10664                  0000000000000010664200000000002               0110664     08061400000001000000000000012N050614000000000000003330000000000000000000000000000000000000000000000116731938000111ANTTARES CONSULTORIA E INTERMEDIAÇÃO CARAv. Dr. Eduardo Cotching,1800 A                     03356000Protesto após 5 dias                                        000179
1                   000902692011248461-10665                  0000000000000010665000000000002               0110665     08061400000000500000000000012N050614000000000000001670000000000000000000000000000000000000000000000119899797000139GESING E SILVA PREPARAÇÃO DE DOCUMENTOS Rua Alameda Aristiliano Ramos,768-SL 03             81160000Protesto após 5 dias                                        000180
1                   000902692011248461-10666                  0000000000000010666900000000002               0110666     08061400000000500000000000012N050614000000000000001670000000000000000000000000000000000000000000000119725172000150CNF INTERMEDIAÇÃO CARTORÁRIA ME         Rua Sete,2353                                       15700014Protesto após 5 dias                                        000181
1                   000902692011248461-10667                  0000000000000010667700000000002               0110667     08061400000001000000000000012N050614000000000000003330000000000000000000000000000000000000000000000119756945000166MADAME´S INTERMEDIAÇÃO CARTORARIA LTDA -Av. Caminho do Mar,3215                             09611000Protesto após 5 dias                                        000182
1                   000902692011248461-10668                  0000000000000010668500000000002               0110668     08061400000001000000000000012N050614000000000000003330000000000000000000000000000000000000000000000119831382000123INTERMEDIAÇÃO CARTORÁRIA GADINI LTDA - MRua Maria Cândida,1159                              02071012Protesto após 5 dias                                        000183
1                   000902692011248461-10669                  0000000000000010669300000000002               0110669     08061400000001000000000000012N050614000000000000003330000000000000000000000000000000000000000000000115007025000194F V REPRESENTAÇÃO COMERCIAL LTDA        Rua Visconde de Quissamã,315-LJ 01                  27910020Protesto após 5 dias                                        000184
1                   000902692011248461-10670                  0000000000000010670700000000002               0110670     08061400000000500000000000012N050614000000000000001670000000000000000000000000000000000000000000000119790066000150CAMARGO E JARABIZA LTDA - ME            Rua Raimundo Leonardi,1656-Sala 01                  85900110Protesto após 5 dias                                        000185
1                   000902692011248461-10671                  0000000000000010671500000000002               0110671     25061400000025000000000000012N060614000000000000000000000000000000000000000000000000000000000000000100006916140674GISLAINE ALVES DE ARAUJO                RUA ITUTINGA 55 CASA QUINZINHO          FORMIGA -MG 35570000                                                            000186
1                   000902692011248461-10299                  0000000000000010299P00000000002               0610299     06061400000000180400000000012N120514120000000000010000000000000000000000000000000000000000000000000200360305025441104 Caixa Econômica Federal             Rua Joaquim Floriano,446                            04534002                                                            000187
9                                                                                                                                                                                                                                                                                                                                                                                                         000188