01REMESSA01COBRANCA       00000000000004130991SISTEMA DE CARTÛRIO CERTIDıES 237BRADESCO       060214        MX0000697                                                                                                                                                                                                                                                                                     000001
1                   000902692011248461-9119                   0000000000000009119P00000000002               019119      28021400000002275000000000012N310114060500000000000000000000000000000000000000000000000000000000000216942432000151Kice ServiÁos Administrativos Ltda - ME Av. Princesa Isabel, 256                            09310010ACORDO DE ROYALTIES                                         000002
1                   000902692011248461-9120                   0000000000000009120300000000002               019120      08021400000000010000000000012N040214000000000000000030000000000000000000000000000000000000000000000110918131000106PROCART - PROCESSOS CARTORAIS LTDA      Rua Primeiro de Janeiro,35-Sala 101                 35180032Protesto apÛs 5 dias                                        000003
1                   000902692011248461-9121                   0000000000000009121100000000002               019121      08021400000000449030000000012N040214000000000000001500000000000000000000000000000000000000000000000111029315000188SUZAN CART CERTIDOES LTDA - ME          Rua Gal. Francisco GlicÈrio,1185                    08674003Protesto apÛs 5 dias                                        000004
1                   000902692011248461-9122                   0000000000000009122P00000000002               019122      08021400000000500000000000012N040214000000000000001670000000000000000000000000000000000000000000000111198466000160GOMES & KUNCEVICIUS LTDA ME             Rua Prisciliana de Castilho,374-Sala 06             11660330Protesto apÛs 5 dias                                        000005
1                   000902692011248461-9123                   0000000000000009123800000000002               019123      08021400000000263950000000012N040214000000000000000880000000000000000000000000000000000000000000000111163439000151RF-SERVICOS DE DOCUMENTACAO LTDA.       Av. Mal. Castelo Branco,173-A                       65076090Protesto apÛs 5 dias                                        000006
1                   000902692011248461-9124                   0000000000000009124600000000002               019124      08021400000001800000000000012N040214000000000000006000000000000000000000000000000000000000000000000110999668000148ASSESSORIA E CONSULTORIA DE DOCUMENTOS ER. Leopoldo Machado,242-Loja 02                     18035075Protesto apÛs 5 dias                                        000007
1                   000902692011248461-9125                   0000000000000009125400000000002               019125      08021400000001300000000000012N040214000000000000004330000000000000000000000000000000000000000000000111165549000152D¥ VASQUEZ SERVI«OS CARTORARIOS LTDA - EAv. Dr. Jo„o Guilhermino,293                        12210131Protesto apÛs 5 dias                                        000008
1                   000902692011248461-9126                   0000000000000009126200000000002               019126      08021400000000725700000000012N040214000000000000002420000000000000000000000000000000000000000000000111144435000126M&Z DOCUMENTOS CARTOR¡RIOS LTDA         R. da AssemblÈia,10-12∫ Andar SL 1221               20011000Protesto apÛs 5 dias                                        000009
1                   000902692011248461-9127                   0000000000000009127000000000002               019127      08021400000000010070000000012N040214000000000000000030000000000000000000000000000000000000000000000114816778000188Oliveira IntermediaÁ„o Cartor·ria LTDA MRua Delfino Cintra,500 AxB                          13020100Protesto apÛs 5 dias                                        000010
1                   000902692011248461-9128                   0000000000000009128900000000002               019128      08021400000000055550000000012N040214000000000000000190000000000000000000000000000000000000000000000110906064000100MAIA SERVI«OS ADMINISTRATIVOS LTDA      Rua Bernardino de Campos,3180-Loja 04 Ga            15015300Protesto apÛs 5 dias                                        000011
1                   000902692011248461-9129                   0000000000000009129700000000002               019129      08021400000000500000000000012N040214000000000000001670000000000000000000000000000000000000000000000111253279000131¡GAPE SERVI«OS E INTERMEDIA«’ES CARTOR¡RR. Gov. Pedro de Toledo,569                         13400070Protesto apÛs 5 dias                                        000012
1                   000902692011248461-9130                   0000000000000009130000000000002               019130      08021400000001000000000000012N040214000000000000003330000000000000000000000000000000000000000000000106058057000128CTPOST SERVI«OS LTDA ME                 R. Chaves Barcelos,131                              90030120Protesto apÛs 5 dias                                        000013
1                   000902692011248461-9131                   0000000000000009131900000000002               019131      08021400000000122550000000012N040214000000000000000410000000000000000000000000000000000000000000000113238744000190ARCHANJO TEIXEIRA PREPARA«√O DE DOCUMENTAv. Brasil,1586-Loja 06                             30140003Protesto apÛs 5 dias                                        000014
1                   000902692011248461-9132                   0000000000000009132700000000002               019132      08021400000000173250000000012N040214000000000000000580000000000000000000000000000000000000000000000112761154000185MC PRESTADORA DE SERVI«OS ADMINISTRATIVORua Marechal JosÈ B. Bormann,164 E-Sala             89802120Protesto apÛs 5 dias                                        000015
1                   000902692011248461-9133                   0000000000000009133500000000002               019133      08021400000000186700000000012N040214000000000000000620000000000000000000000000000000000000000000000111675298000156MORANDO & MORANDO SERV TRANSCRI«√O DOCUMRua TibiriÁ·,189                                    14010090Protesto apÛs 5 dias                                        000016
1                   000902692011248461-9134                   0000000000000009134300000000002               019134      08021400000000023790000000012N040214000000000000000080000000000000000000000000000000000000000000000111777632000182CFN ASSESSORIA EM DOCUMENTOS LTDA       R Prefeito Carlos JosÈ Carlson,226-CJ 01            09450000Protesto apÛs 5 dias                                        000017
1                   000902692011248461-9135                   0000000000000009135100000000002               019135      08021400000000700000000000012N040214000000000000002330000000000000000000000000000000000000000000000113594653000198Melo e Cunha Consultoria e Assessoria LtAv. Presidente Jo„o Goulart,LJ 47B-QD 2             74968890Protesto apÛs 5 dias                                        000018
1                   000902692011248461-9136                   0000000000000009136P00000000002               019136      08021400000000000010000000012N040214000000000000000000000000000000000000000000000000000000000000000111222886000134ELIDA ASSESSORIA EMPRESARIAL LTDA       R. Neo Alves Martins,2955-Sala 03                   87013060Protesto apÛs 5 dias                                        000019
1                   000902692011248461-9137                   0000000000000009137800000000002               019137      08021400000000823070000000012N040214000000000000002740000000000000000000000000000000000000000000000111834699000101REGIS ORLANDINI ASSESSORIA CARTORARIA LTAv. Jo„o Naves de ¡vila,81                          38400600Protesto apÛs 5 dias                                        000020
1                   000902692011248461-9138                   0000000000000009138600000000002               019138      08021400000000500000000000012N040214000000000000001670000000000000000000000000000000000000000000000111864024000105AGICART - SERVI«OS DOCUMENTALISTAS INTERRua Afonso Pena,5-47                                17060250Protesto apÛs 5 dias                                        000021
1                   000902692011248461-9139                   0000000000000009139400000000002               019139      08021400000000323980000000012N040214000000000000001080000000000000000000000000000000000000000000000118433773000127MUZETI ASSESSORIA CARTORARIA LTDA ME    Rua 20,1022                                         14780070Protesto apÛs 5 dias                                        000022
1                   000902692011248461-9140                   0000000000000009140800000000002               019140      08021400000000500000000000012N040214000000000000001670000000000000000000000000000000000000000000000119450025000115SAITO & SAITO ASSESSORIA E SERVI«OS LTDAAv. Francisco de Paula Leite,1699                   13344325Protesto apÛs 5 dias                                        000023
1                   000902692011248461-9141                   0000000000000009141600000000002               019141      08021400000000500000000000012N040214000000000000001670000000000000000000000000000000000000000000000112443155000181ASSESSORIA E CONSULTORIA CARTORARIA DE DRua Santa Cruz,652                                  13300090Protesto apÛs 5 dias                                        000024
1                   000902692011248461-9142                   0000000000000009142400000000002               019142      08021400000001000000000000012N040214000000000000003330000000000000000000000000000000000000000000000116952765000161RORATO TEIXEIRA SISTEMAS DE SERVI«OS PARRua 2000,657-SL 02                                  88330462Protesto apÛs 5 dias                                        000025
1                   000902692011248461-9143                   0000000000000009143200000000002               019143      08021400000000207520000000012N040214000000000000000690000000000000000000000000000000000000000000000113619244000107BRAGPOST ASSESSORIA CARTORARIA LTDA     Av. Antonio Pires Pimentel,707                      12914001Protesto apÛs 5 dias                                        000026
1                   000902692011248461-9144                   0000000000000009144000000000002               019144      08021400000000141400000000012N040214000000000000000470000000000000000000000000000000000000000000000112632803000148RUBIANA SERVI«OS DE CARTORIO, CERTID’ES Rua das Esmeraldas,186                              09920520Protesto apÛs 5 dias                                        000027
1                   000902692011248461-9145                   0000000000000009145900000000002               019145      08021400000000001160000000012N040214000000000000000000000000000000000000000000000000000000000000000112655472000161CURITIBA ASSESSORIA CARTORARIA LTDA     Rua Tibagi,506                                      80060110Protesto apÛs 5 dias                                        000028
1                   000902692011248461-9146                   0000000000000009146700000000002               019146      08021400000000019230000000012N040214000000000000000060000000000000000000000000000000000000000000000102248702000114MOURA E MENEZES SERVI«OS ADMINISTRATIVOSRua Dr. Curvelo Cavalcante,189-Loja 315             23810201Protesto apÛs 5 dias                                        000029
1                   000902692011248461-9147                   0000000000000009147500000000002               019147      08021400000000500000000000012N040214000000000000001670000000000000000000000000000000000000000000000111619454000161ASSESSORIA CARTOR¡RIA DO NORDESTE LTDA  Av. Conselheiro Rosa e Silva,1460-Sala 1            52020220Protesto apÛs 5 dias                                        000030
1                   000902692011248461-9148                   0000000000000009148300000000002               019148      08021400000000224950000000012N040214000000000000000750000000000000000000000000000000000000000000000112572498000146Alphacentral Documentos e ServiÁos LTDA Rua Cel. Siqueira de Moraes,125/127                 13201032Protesto apÛs 5 dias                                        000031
1                   000902692011248461-9149                   0000000000000009149100000000002               019149      08021400000000024170000000012N040214000000000000000080000000000000000000000000000000000000000000000112837049000182TOWER NITEROI SERVI«OS DE CART”RIO E CERRua Visconde de Sepetiba,935-SL 625                 24020206Protesto apÛs 5 dias                                        000032
1                   000902692011248461-9150                   0000000000000009150500000000002               019150      08021400000000038300000000012N040214000000000000000130000000000000000000000000000000000000000000000112139078000170RW MARIZ ESTRUTURA CARTORAL LTDA        Av Epit·cio Pessoa,475-Sala 05                      58030906Protesto apÛs 5 dias                                        000033
1                   000902692011248461-9151                   0000000000000009151300000000002               019151      08021400000000500000000000012N040214000000000000001670000000000000000000000000000000000000000000000112498961000157HANNAH ASSESSORIA CARTOR¡RIA LTDA       Rua Visconde de Mau·,208-TÈrreo                     45652468Protesto apÛs 5 dias                                        000034
1                   000902692011248461-9152                   0000000000000009152100000000002               019152      08021400000001750000000000012N040214000000000000005830000000000000000000000000000000000000000000000113133167000172G I CART SERVI«OS ORGANIZACIONAIS LTDA  Rua dos Marianos,132                                06016050Protesto apÛs 5 dias                                        000035
1                   000902692011248461-9153                   0000000000000009153P00000000002               019153      08021400000000500000000000012N040214000000000000001670000000000000000000000000000000000000000000000115369569000104FERRAGUT E MUZEL SERVI«OS ADMINISTRATIVORua Bar„o de Mau·,1152-Piso Superior, SL            13276080Protesto apÛs 5 dias                                        000036
1                   000902692011248461-9154                   0000000000000009154800000000002               019154      08021400000000089900000000012N040214000000000000000300000000000000000000000000000000000000000000000113321680000197Ana Claudia Barbiere Alves Ferreira - MEAv. Brasil,326                                      14801050Protesto apÛs 5 dias                                        000037
1                   000902692011248461-9155                   0000000000000009155600000000002               019155      08021400000000029930000000012N040214000000000000000100000000000000000000000000000000000000000000000117655488000198KAEL INTERMEDIA«’ES CARTOR¡RIAS LTDA ME Av. Monte Castelo,720                               13450032Protesto apÛs 5 dias                                        000038
1                   000902692011248461-9156                   0000000000000009156400000000002               019156      08021400000000003100000000012N040214000000000000000010000000000000000000000000000000000000000000000113350598000190CP SERVI«OS ADMINISTRATIVO LTDA - ME    Rua Arnaldo Estev„o de Figueiredo,640               78700150Protesto apÛs 5 dias                                        000039
1                   000902692011248461-9157                   0000000000000009157200000000002               019157      08021400000000066500000000012N040214000000000000000220000000000000000000000000000000000000000000000113585685000127ASSESSORIA CARTOR¡RIA LIMEIRA LTDA ME   Rua Deputado Octavio Lopes,304 B                    13480021Protesto apÛs 5 dias                                        000040
1                   000902692011248461-9158                   0000000000000009158000000000002               019158      08021400000000033860000000012N040214000000000000000110000000000000000000000000000000000000000000000113406670000154RODRIGUES E VIEIRA LTDA.                104 SUL RUA SE 05 LOTE 23 | AC JK CAIXA             77006970Protesto apÛs 5 dias                                        000041
1                   000902692011248461-9159                   0000000000000009159900000000002               019159      08021400000000083000000000012N040214000000000000000280000000000000000000000000000000000000000000000113743219000122Valentim e Silva ServiÁos               PraÁa AntÙnio Dias,584                              38700110Protesto apÛs 5 dias                                        000042
1                   000902692011248461-9160                   0000000000000009160200000000002               019160      08021400000000026200000000012N040214000000000000000090000000000000000000000000000000000000000000000113576355000175LEME ASSESSORIA E CONSULTORIA DE DOCUMENRua Prudente de Moraes,933                          13320160Protesto apÛs 5 dias                                        000043
1                   000902692011248461-9161                   0000000000000009161000000000002               019161      08021400000000002600000000012N040214000000000000000010000000000000000000000000000000000000000000000114495115000109MSC ASSESSORIA E CONSULTORIA CARTORARIA Rua Duque de Caxias,161                             06401010Protesto apÛs 5 dias                                        000044
1                   000902692011248461-9162                   0000000000000009162900000000002               019162      08021400000000500000000000012N040214000000000000001670000000000000000000000000000000000000000000000113845551000106MACEDO & MELO INTERMEDIACOES CARTORARIASRUA LIZANDRO NOGUEIRA,1223-SALA 304                 64000200Protesto apÛs 5 dias                                        000045
1                   000902692011248461-9163                   0000000000000009163700000000002               019163      08021400000000026250000000012N040214000000000000000090000000000000000000000000000000000000000000000113800899000179TEIXEIRA CARREIRO INTERMEDIACAO CARTORARRua Alan Kardec,50-SL 712                           27541290Protesto apÛs 5 dias                                        000046
1                   000902692011248461-9164                   0000000000000009164500000000002               019164      08021400000000500000000000012N040214000000000000001670000000000000000000000000000000000000000000000126069567000108JPS SERVI«OS LTDA ME                    Rua ApinajÈs,1100-Cj. 501                           05017000Protesto apÛs 5 dias                                        000047
1                   000902692011248461-9165                   0000000000000009165300000000002               019165      08021400000001750000000000012N040214000000000000005830000000000000000000000000000000000000000000000110573048000142SV3 SERVI«OS ADMINISTRATIVOS EIRELI     Rua Tijuco Preto,544                                03316000Protesto apÛs 5 dias                                        000048
1                   000902692011248461-9166                   0000000000000009166100000000002               019166      08021400000000500000000000012N040214000000000000001670000000000000000000000000000000000000000000000114142222000153Araujo Oliveira Assessoria Cartoraria LTAv. Radial B,60-LJ 02                               42807380Protesto apÛs 5 dias                                        000049
1                   000902692011248461-9167                   0000000000000009167P00000000002               019167      08021400000000500000000000012N040214000000000000001670000000000000000000000000000000000000000000000114456232000163CUNHA & ALVES ASSESSORIA COMERCIAL E INDRua Juscelino K. de Oliveira,763                    37580000Protesto apÛs 5 dias                                        000050
1                   000902692011248461-9168                   0000000000000009168800000000002               019168      08021400000000500000000000012N040214000000000000001670000000000000000000000000000000000000000000000115779004000197BONESSO & GIANETTI LTDA ME              Rua Nove de Julho,430-Lj 03 - Galeria de            13280000Protesto apÛs 5 dias                                        000051
1                   000902692011248461-9169                   0000000000000009169600000000002               019169      08021400000000500000000000012N040214000000000000001670000000000000000000000000000000000000000000000111834699000292REGIS ORLANDINI ASSESSORIA CARTOR¡RIA EPPraÁa Manoel Bonito,65                              38440076Protesto apÛs 5 dias                                        000052
1                   000902692011248461-9170                   0000000000000009170P00000000002               019170      08021400000000500000000000012N040214000000000000001670000000000000000000000000000000000000000000000115003436000101Via R·pida IntermediaÁ„o Cartor·ria LTDARua Vereador Juca Pena,10                           36400000Protesto apÛs 5 dias                                        000053
1                   000902692011248461-9171                   0000000000000009171800000000002               019171      08021400000000500000000000012N040214000000000000001670000000000000000000000000000000000000000000000114467333000130Sirley Santos Niemic - ME               Av. Municipal,1779 A                                78250000Protesto apÛs 5 dias                                        000054
1                   000902692011248461-9172                   0000000000000009172600000000002               019172      08021400000000500000000000012N040214000000000000001670000000000000000000000000000000000000000000000114567761000134ABEN INTERMEDIACAO CARTORARIA LTDA ME   Rua Coronel Manoel Borges,321                       38010410Protesto apÛs 5 dias                                        000055
1                   000902692011248461-9173                   0000000000000009173400000000002               019173      08021400000000082200000000012N040214000000000000000270000000000000000000000000000000000000000000000114911193000147LOPES&LOPES INTERMEDIA«√O CARTOR¡RIA LTDRua Marechal Deodoro,444-loja 322                   36010904Protesto apÛs 5 dias                                        000056
1                   000902692011248461-9174                   0000000000000009174200000000002               019174      08021400000000400000000000012N040214000000000000001330000000000000000000000000000000000000000000000115220454000145RENAULT ASSOCIADOS INTERMEDIACOES CARTORAv. P. H. Rolfs,368-SL 203                          36570000Protesto apÛs 5 dias                                        000057
1                   000902692011248461-9175                   0000000000000009175000000000002               019175      08021400000000400000000000012N040214000000000000001330000000000000000000000000000000000000000000000115220454000226RENAULT ASSOCIADOS INTERMEDIACOES CARTORRua Benedito Valadares,520-LJ 03                    35660630Protesto apÛs 5 dias                                        000058
1                   000902692011248461-9176                   0000000000000009176900000000002               019176      08021400000000500000000000012N040214000000000000001670000000000000000000000000000000000000000000000115170049000160Ivani Marques de Souza - ME             Rua Bar„o do Rio Branco,1439 B                      16200001Protesto apÛs 5 dias                                        000059
1                   000902692011248461-9177                   0000000000000009177700000000002               019177      08021400000001000000000000012N040214000000000000003330000000000000000000000000000000000000000000000115574053000193KANEKO SOLUCOES ADMINISTRATIVAS LTDA - MTrav. Adelino Bonilha,26                            13840055Protesto apÛs 5 dias                                        000060
1                   000902692011248461-9178                   0000000000000009178500000000002               019178      08021400000001000000000000012N040214000000000000003330000000000000000000000000000000000000000000000115447264000165CAMPDOC INTERMEDIA«√O CARTOR¡RIA LTDA ñ Av. Bar„o de Monte Alegre,103                       13032525Protesto apÛs 5 dias                                        000061
1                   000902692011248461-9179                   0000000000000009179300000000002               019179      08021400000001000000000000012N040214000000000000003330000000000000000000000000000000000000000000000115274886000139RJR SERVI«OS ADMINISTRATIVOS            Rua Benedito Laboissiere,270                        38600000Protesto apÛs 5 dias                                        000062
1                   000902692011248461-9180                   0000000000000009180700000000002               019180      08021400000000075000000000012N040214000000000000000250000000000000000000000000000000000000000000000113372039000262DE PAULA E FRAN«A SERVI«OS PRIVADOS E INRua Roberto Calmon,140                              29200340Protesto apÛs 5 dias                                        000063
1                   000902692011248461-9181                   0000000000000009181500000000002               019181      08021400000000400000000000012N040214000000000000001330000000000000000000000000000000000000000000000115424745000155GALISSE & LIMA CONSULTORIA E ASSESSORIA Rua S„o Paulo,512                                   37701012Protesto apÛs 5 dias                                        000064
1                   000902692011248461-9182                   0000000000000009182300000000002               019182      08021400000000500000000000012N040214000000000000001670000000000000000000000000000000000000000000000115328775000168Bagini e Okumura IntermediaÁıes Cartor·rRua Laurindo Borges,1494                            87303240Protesto apÛs 5 dias                                        000065
1                   000902692011248461-9183                   0000000000000009183100000000002               019183      08021400000000500000000000012N040214000000000000001670000000000000000000000000000000000000000000000115776815000134RCA - PREST CART INTERMEDIA«√O CARTORARIRua Jo„o Caetano,185-LJ 103                         24710405Protesto apÛs 5 dias                                        000066
1                   000902692011248461-9184                   0000000000000009184P00000000002               019184      08021400000000300000000000012N040214000000000000001000000000000000000000000000000000000000000000000115523647000175TGD ASSESSORIA E CONSULTORIA LTDA       Rua Coronel Antonio Cardoso Pinto,34 A              37640000Protesto apÛs 5 dias                                        000067
1                   000902692011248461-9185                   0000000000000009185800000000002               019185      08021400000000500000000000012N040214000000000000001670000000000000000000000000000000000000000000000116465255000160Tocantins IntermediaÁ„o Cartor·ria LTDA-RUA RODOVI¡RIA,193-SALA 01                          77805040Protesto apÛs 5 dias                                        000068
1                   000902692011248461-9186                   0000000000000009186600000000002               019186      08021400000000600000000000012N040214000000000000002000000000000000000000000000000000000000000000000115653178000109FOCUS INTERMEDIA«√O CARTOR¡RIA LTDA     AV. BRASIL,10-LOJA 224                              28970000Protesto apÛs 5 dias                                        000069
1                   000902692011248461-9187                   0000000000000009187400000000002               019187      08021400000000500000000000012N040214000000000000001670000000000000000000000000000000000000000000000115731322000188MEIRELES SERVI«OS DE APOIO ADMINISTRATIVRua JosÈ Marcelino de Oliveira,374-BAIXO            67030170Protesto apÛs 5 dias                                        000070
1                   000902692011248461-9188                   0000000000000009188200000000002               019188      08021400000001750000000000012N040214000000000000005830000000000000000000000000000000000000000000000116608106000102CONTAK INTERMEDIA«’ES CARTORARIAS LTDA  Av. Conselheiro Nebias,754                          11045002Protesto apÛs 5 dias                                        000071
1                   000902692011248461-9189                   0000000000000009189000000000002               019189      08021400000001000000000000012N040214000000000000003330000000000000000000000000000000000000000000000115803475000193PEDRO, BASTOS & JONES SERVI«OS ASMINISTRRua Duque de Caxias,01-SL 31                        28613060Protesto apÛs 5 dias                                        000072
1                   000902692011248461-9190                   0000000000000009190400000000002               019190      08021400000000500000000000012N040214000000000000001670000000000000000000000000000000000000000000000115872523000103HEITOR PIGHINI BARBADO ME               Rua Senador JosÈ Bonif·cio,312-B                    13800060Protesto apÛs 5 dias                                        000073
1                   000902692011248461-9191                   0000000000000009191200000000002               019191      08021400000000500000000000012N040214000000000000001670000000000000000000000000000000000000000000000118997889000199CP CAMPO GRANDE INTERMEDIACOES CARTORARIRua Amaral Costa,408-LJ 01                          23050260Protesto apÛs 5 dias                                        000074
1                   000902692011248461-9192                   0000000000000009192000000000002               019192      08021400000000500000000000012N040214000000000000001670000000000000000000000000000000000000000000000115566079000190Marins Consultoria e IntermediaÁ„o CartoAvenida Brasil,4140-Sala 13                         87503420Protesto apÛs 5 dias                                        000075
1                   000902692011248461-9193                   0000000000000009193900000000002               019193      08021400000001000000000000012N040214000000000000003330000000000000000000000000000000000000000000000115703802000135Assecar Apoio Administrativo de MArilia Rua Carlos Gomes,343                                17501000Protesto apÛs 5 dias                                        000076
1                   000902692011248461-9194                   0000000000000009194700000000002               019194      08021400000000500000000000012N040214000000000000001670000000000000000000000000000000000000000000000115723896000104Walter Shuji Kishi eireli-ME            Avenida Presidente Get˙io Vargas,2214-Lo            45990289Protesto apÛs 5 dias                                        000077
1                   000902692011248461-9195                   0000000000000009195500000000002               019195      08021400000000500000000000012N040214000000000000001670000000000000000000000000000000000000000000000115665799000102OLIVEIRA E PEIXOTO LTDA                 Rua Barbosa de Sousa,25-SL 006 - Centro             45203640Protesto apÛs 5 dias                                        000078
1                   000902692011248461-9196                   0000000000000009196300000000002               019196      08021400000000500000000000012N040214000000000000001670000000000000000000000000000000000000000000000116911487000102L & A INTERMEDIA«’ES CARTOR¡RIAS LTDA   Rua Marechal Deodoro,111                            48005020Protesto apÛs 5 dias                                        000079
1                   000902692011248461-9197                   0000000000000009197100000000002               019197      08021400000000600000000000012N040214000000000000002000000000000000000000000000000000000000000000000116615091000100MEG INTERMEDIA«√O CARTOR¡RIA            Av. 13,625                                          13500340Protesto apÛs 5 dias                                        000080
1                   000902692011248461-9198                   0000000000000009198P00000000002               019198      08021400000000500000000000012N040214000000000000001670000000000000000000000000000000000000000000000115696350000101Almeida IntermediaÁ„o cartor·ria LTDA MERua JosÈ Brenha Ribeiro,23                          18130495Protesto apÛs 5 dias                                        000081
1                   000902692011248461-9199                   0000000000000009199800000000002               019199      08021400000000500000000000012N040214000000000000001670000000000000000000000000000000000000000000000116859396000167Zanatta IntermediaÁ„o Cartor·ria        Rua 29 de Abril,123                                 13256000Protesto apÛs 5 dias                                        000082
1                   000902692011248461-9200                   0000000000000009200500000000002               019200      08021400000001750000000000012N040214000000000000005830000000000000000000000000000000000000000000000115761167000142DOC SERVICE SERVI«OS DOCUMENTAIS LTDA   Rua Marechal Floriano Peixoto,1562-Sala             85851020Protesto apÛs 5 dias                                        000083
1                   000902692011248461-9201                   0000000000000009201300000000002               019201      08021400000000500000000000012N0402140000000000000016700000000000000000000000000000000000000000000001157926280001442 W V INTERMEDIA«√O CARTOR¡RIA LTDA-ME  Rua Marechal Deodoro,44                             12500210Protesto apÛs 5 dias                                        000084
1                   000902692011248461-9202                   0000000000000009202100000000002               019202      08021400000000500000000000012N040214000000000000001670000000000000000000000000000000000000000000000115779486000185ANA LIDIA ANDRADE VASCONCELOS CISOTTO - Rua M·rio Pedro Vercellino,411                      18550000Protesto apÛs 5 dias                                        000085
1                   000902692011248461-9203                   0000000000000009203P00000000002               019203      08021400000001000000000000012N040214000000000000003330000000000000000000000000000000000000000000000116566686000112SOMARX INTERMEDIA«√O CARTOR¡RIA LTDA    QN 07 - AREA ESPECIAL 1 TERREO LOJA,11-R            71805731Protesto apÛs 5 dias                                        000086
1                   000902692011248461-9204                   0000000000000009204800000000002               019204      08021400000001000000000000012N040214000000000000003330000000000000000000000000000000000000000000000116651907000150COTIA CENTRAL - SERVI«OS ADMINISTRATIVOSRua Joaquim Nunes Filho,204                         06717180Protesto apÛs 5 dias                                        000087
1                   000902692011248461-9205                   0000000000000009205600000000002               019205      08021400000000800000000000012N040214000000000000002670000000000000000000000000000000000000000000000116455215000137MIM Consultoria, Assessoria e IntermediaRua Gal. Bacelar,504                                96200370Protesto apÛs 5 dias                                        000088
1                   000902692011248461-9206                   0000000000000009206400000000002               019206      08021400000000500000000000012N040214000000000000001670000000000000000000000000000000000000000000000116456499000186FILADELFIA SERVI«OS CARTOR¡RIOS E DOCUMERua AmbrÛsio,158                                    26580250Protesto apÛs 5 dias                                        000089
1                   000902692011248461-9207                   0000000000000009207200000000002               019207      08021400000000500000000000012N040214000000000000001670000000000000000000000000000000000000000000000116850829000113FORMAGIO & MILARE LTDA ME               Rua Princesa Izabel,994                             17900000Protesto apÛs 5 dias                                        000090
1                   000902692011248461-9208                   0000000000000009208000000000002               019208      08021400000001000000000000012N040214000000000000003330000000000000000000000000000000000000000000000116988183000135MENEZES & AMARAL INTERMEDIA«√O CARTOR¡RIRua Israel Pinheiro,2500-LJ 1                       35020220Protesto apÛs 5 dias                                        000091
1                   000902692011248461-9209                   0000000000000009209900000000002               019209      08021400000000500000000000012N040214000000000000001670000000000000000000000000000000000000000000000117163022000175DEFTHJ CONSULTORIA E ASSESSORIA CARTOR¡RR. Pedro ProcÛpio,48                                06501130Protesto apÛs 5 dias                                        000092
1                   000902692011248461-9210                   0000000000000009210200000000002               019210      08021400000000500000000000012N040214000000000000001670000000000000000000000000000000000000000000000116943517000154SOUZA SERVI«OS DE DOCUMENTOS S/S LTDA EPR. Coronel Aureliano de Camargo,666                 18270170Protesto apÛs 5 dias                                        000093
1                   000902692011248461-9211                   0000000000000009211000000000002               019211      08021400000000500000000000012N040214000000000000001670000000000000000000000000000000000000000000000116836878000100ANDRE WILIANS CESARIO BROCHADO 081405566Rua Engenheiro Frizotti Agostini,50-LJ 0            37410000Protesto apÛs 5 dias                                        000094
1                   000902692011248461-9212                   0000000000000009212900000000002               019212      08021400000001000000000000012N040214000000000000003330000000000000000000000000000000000000000000000117206713000109FABIO TOMAZ CARDOSO - ME                Rua Primeiro de Maio,202-SL 507                     09015030Protesto apÛs 5 dias                                        000095
1                   000902692011248461-9213                   0000000000000009213700000000002               019213      08021400000000800000000000012N040214000000000000002670000000000000000000000000000000000000000000000116383668000103MADJ SERVI«OS DE INTERMEDIA«√O CARTOR¡RIRua Nestor de Barros,48                             03325050Protesto apÛs 5 dias                                        000096
1                   000902692011248461-9214                   0000000000000009214500000000002               019214      08021400000000500000000000012N040214000000000000001670000000000000000000000000000000000000000000000111834699000373REGIS ORLANDINI ASSESSORIA CARTOR¡RIA EPRua Dr. Frankilin de Castro,238                     38183120Protesto apÛs 5 dias                                        000097
1                   000902692011248461-9215                   0000000000000009215300000000002               019215      08021400000000500000000000012N040214000000000000001670000000000000000000000000000000000000000000000116899904000130E. F. AURELIA NEGOCIOS E INTERMEDIA«√O CRua Liberdade,596                                   06853700Protesto apÛs 5 dias                                        000098
1                   000902692011248461-9216                   0000000000000009216100000000002               019216      08021400000000500000000000012N040214000000000000001670000000000000000000000000000000000000000000000116949930000126CIRENO FILHO INTERMEDIA«√O CARTORARIA   Rua Carlos Eduardo Nichele,1382-LJ01                83833022Protesto apÛs 5 dias                                        000099
1                   000902692011248461-9217                   0000000000000009217P00000000002               019217      08021400000000500000000000012N040214000000000000001670000000000000000000000000000000000000000000000116811847000196TOLEDO & PEREIRA VASSALO LTDA ME        Rua Santos Pereira,212                              37500026Protesto apÛs 5 dias                                        000100
1                   000902692011248461-9218                   0000000000000009218800000000002               019218      08021400000000500000000000012N040214000000000000001670000000000000000000000000000000000000000000000116577085000105GIL E JAFET INTERMEDIACAO CARTORARIA LTDAv. Gustavo Capanema,150                            35650000Protesto apÛs 5 dias                                        000101
1                   000902692011248461-9219                   0000000000000009219600000000002               019219      08021400000001000000000000012N040214000000000000003330000000000000000000000000000000000000000000000116819238000183CARLOS ALBERTO ROCHA DE MELO - ME       R. HermÛgenes Freire da Costa,02-LJ 05              28940000Protesto apÛs 5 dias                                        000102
1                   000902692011248461-9220                   0000000000000009220P00000000002               019220      08021400000000500000000000012N040214000000000000001670000000000000000000000000000000000000000000000116694354000113DOCUMENTOS BRASIL SERVI«OS E ASSESSORIA Rua Manoel Pereira,540                              13970346Protesto apÛs 5 dias                                        000103
1                   000902692011248461-9221                   0000000000000009221800000000002               019221      08021400000001000000000000012N040214000000000000003330000000000000000000000000000000000000000000000116942432000151Kice ServiÁos Administrativos Ltda - ME Av. Princesa Isabel,256                             09310010Protesto apÛs 5 dias                                        000104
1                   000902692011248461-9222                   0000000000000009222600000000002               019222      08021400000000500000000000012N040214000000000000001670000000000000000000000000000000000000000000000116945793000151JLM INTERMEDIA«√O CARTOR¡RIA LTDA       Av. Tiradentes,618-LJ 03                            36307348Protesto apÛs 5 dias                                        000105
1                   000902692011248461-9223                   0000000000000009223400000000002               019223      08021400000001750000000000012N040214000000000000005830000000000000000000000000000000000000000000000116927836000176C. M. MILROT CONSULTORIA E INTERMEDIA«√OAv. Paulista,2001-19∫ andar | Conjuntos             01311300Protesto apÛs 5 dias                                        000106
1                   000902692011248461-9224                   0000000000000009224200000000002               019224      08021400000000500000000000012N040214000000000000001670000000000000000000000000000000000000000000000116935668000160FLASH DOC INTERMEDIA«’ES CARTORARIAS    Av. Caetano Barrela,209                             06763460Protesto apÛs 5 dias                                        000107
1                   000902692011248461-9225                   0000000000000009225000000000002               019225      08021400000000500000000000012N040214000000000000001670000000000000000000000000000000000000000000000116964316000133CAMARGO & ESTRACINE INTERMEDIA«√O CARTORRua Miguel Anselmo,260                              15900000Protesto apÛs 5 dias                                        000108
1                   000902692011248461-9226                   0000000000000009226900000000002               019226      08021400000001200000000000012N040214000000000000004000000000000000000000000000000000000000000000000117829100000128JS & BOIM INTERMEDIA«√O CARTOR¡RIA LTDA Rua Tabatinguera,140-SL 409 e 410                   01020000Protesto apÛs 5 dias                                        000109
1                   000902692011248461-9227                   0000000000000009227700000000002               019227      08021400000001500000000000012N040214000000000000005000000000000000000000000000000000000000000000000112587280000165RTC INTERMEDIA«√O CARTOR¡RIA LTDA - ME  Rua Montenegro,171 A                                11410040Protesto apÛs 5 dias                                        000110
1                   000902692011248461-9228                   0000000000000009228500000000002               019228      08021400000000500000000000012N040214000000000000001670000000000000000000000000000000000000000000000116729531000150GOMES VERAS INTERMEDIA«√O CARTOR¡RIA LTDRua Maranh„o,763-Sala 17 R                          65901590Protesto apÛs 5 dias                                        000111
1                   000902692011248461-9229                   0000000000000009229300000000002               019229      08021400000001000000000000012N040214000000000000003330000000000000000000000000000000000000000000000116970183000108NR INTERMEDIA«√O CARTOR¡RIA LTDA        Av. Dom Luis,500-Piso L0, Loja 38, Shopp            60160230Protesto apÛs 5 dias                                        000112
1                   000902692011248461-9230                   0000000000000009230700000000002               019230      08021400000000500000000000012N040214000000000000001670000000000000000000000000000000000000000000000117103695000210Vale Rio - IntermediaÁ„o Cartor·ria LtdaRua do ParaÌso,97-SL 29                             48903050Protesto apÛs 5 dias                                        000113
1                   000902692011248461-9231                   0000000000000009231500000000002               019231      08021400000000500000000000012N040214000000000000001670000000000000000000000000000000000000000000000117103695000130VALE RIO - INTERMEDIA«√O CARTOR¡RIA LTDAPraÁa Pio XII,290-2∫ Andar, SL 01                   56304430Protesto apÛs 5 dias                                        000114
1                   000902692011248461-9232                   0000000000000009232300000000002               019232      08021400000001000000000000012N040214000000000000003330000000000000000000000000000000000000000000000117488037000103LG INTERMEDIA«√O CARTOR¡RIA LTDA ME     Rua Rafael Nascimento,300 C                         75901290Protesto apÛs 5 dias                                        000115
1                   000902692011248461-9233                   0000000000000009233100000000002               019233      08021400000002500000000000012N040214000000000000008330000000000000000000000000000000000000000000000117197147000116POSTCAR INTERMEDIA«√OO CARTOR¡ÅRIA LTDA Rua Amaro Genari,46                                 09810270Protesto apÛs 5 dias                                        000116
1                   000902692011248461-9234                   0000000000000009234P00000000002               019234      08021400000000500000000000012N040214000000000000001670000000000000000000000000000000000000000000000118294473000104VIEIRA E SCORALICK LTDA                 Rua Get˙lio Vargas,53                               34800000Protesto apÛs 5 dias                                        000117
1                   000902692011248461-9235                   0000000000000009235800000000002               019235      08021400000000500000000000012N040214000000000000001670000000000000000000000000000000000000000000000112762841000115SM GERENCIAMENTO DE CERTID’ES E DOCUMENTRua 18,81                                           76380000Protesto apÛs 5 dias                                        000118
1                   000902692011248461-9236                   0000000000000009236600000000002               019236      08021400000000500000000000012N040214000000000000001670000000000000000000000000000000000000000000000118325368000195FERREIRA CAMPOS CONSULTORIA E INTERMEDIARua Joaquim Manuel,248                              46430000Protesto apÛs 5 dias                                        000119
1                   000902692011248461-9237                   0000000000000009237400000000002               019237      08021400000001500000000000012N050214000000000000005000000000000000000000000000000000000000000000000117234137000103Postal Services - Assessoria e ServiÁos PÁ das Orquideas,186-SL 04 | 1∫ Andar               06453002Protesto apÛs 5 dias                                        000120
1                   000902692011248461-9238                   0000000000000009238200000000002               019238      08021400000000500000000000012N050214000000000000001670000000000000000000000000000000000000000000000117292398000180DOTTON INTERMEDIACAO CARTORARIA LTDA - MRua Senador Fl·quer,241-Conjunto 09                 09010160Protesto apÛs 5 dias                                        000121
1                   000902692011248461-9239                   0000000000000009239000000000002               019239      08021400000000500000000000012N050214000000000000001670000000000000000000000000000000000000000000000117344439000134Carneiro e Santana IntermediaÁ„o Cartor·Rua Brasil,210-SALA A                               19800100Protesto apÛs 5 dias                                        000122
1                   000902692011248461-9240                   0000000000000009240400000000002               019240      08021400000001750000000000012N050214000000000000005830000000000000000000000000000000000000000000000118103169000132AHEAD ASSESSORIA E CONSULTORIA EM INTERMRua Fernando Falc„o,913                             03180002Protesto apÛs 5 dias                                        000123
1                   000902692011248461-9241                   0000000000000009241200000000002               019241      08021400000000400000000000012N050214000000000000001330000000000000000000000000000000000000000000000117882252000194S&A INTERMEDIA«’ES CARTOR¡RIAS          Rua Prefeito Frederico Hardt,194-SL 05              89130000Protesto apÛs 5 dias                                        000124
1                   000902692011248461-9242                   0000000000000009242000000000002               019242      08021400000000500000000000012N050214000000000000001670000000000000000000000000000000000000000000000117474125000156MAGAVIX INTERMEDIA«√O E LOGISTICA DE DISRua Amap·,1777                                      87704070Protesto apÛs 5 dias                                        000125
1                   000902692011248461-9243                   0000000000000009243900000000002               019243      08021400000000300000000000012N050214000000000000001000000000000000000000000000000000000000000000000117516729000118LILLIAN KELLY GUIMAR√ES & CIA LTDA - ME AV. BRASIL,11-SL 11                                 13940000Protesto apÛs 5 dias                                        000126
1                   000902692011248461-9244                   0000000000000009244700000000002               019244      08021400000000500000000000012N050214000000000000001670000000000000000000000000000000000000000000000118726605000120OLIVEIRA CECHET INTERMEDIA«√O CARTOR¡RIARua Cleriston Andrade,132-QD 23 LT 03 SL            47850000Protesto apÛs 5 dias                                        000127
1                   000902692011248461-9245                   0000000000000009245500000000002               019245      08021400000000500000000000012N050214000000000000001670000000000000000000000000000000000000000000000117569606000145RP SERVI«OS CARTORARIOS LTDA            Av. Santos Dumont,3257-Comercial MM501 L            42700000Protesto apÛs 5 dias                                        000128
1                   000902692011248461-9246                   0000000000000009246300000000002               019246      08021400000001000000000000012N050214000000000000003330000000000000000000000000000000000000000000000109532074000143OTTIMIZA ASSESSORIA CARTORARIA LTDA - MERua Raimundo Chaves,1584                            59064390Protesto apÛs 5 dias                                        000129
1                   000902692011248461-9247                   0000000000000009247100000000002               019247      08021400000000500000000000012N050214000000000000001670000000000000000000000000000000000000000000000117497344000150VAP POSTAL INTERMEDIA«√O CARTOR¡RIA LTDARua Teodorico Tourinho,304                          39800010Protesto apÛs 5 dias                                        000130
1                   000902692011248461-9248                   0000000000000009248P00000000002               019248      08021400000000500000000000012N050214000000000000001670000000000000000000000000000000000000000000000113622593000170Moraes & Vessoni Serv. e Ass. CartorariaRua Paran·,629                                      19900021Protesto apÛs 5 dias                                        000131
1                   000902692011248461-9249                   0000000000000009249800000000002               019249      08021400000000500000000000012N050214000000000000001670000000000000000000000000000000000000000000000117605176000170CARIRI INTERMEDIACAO CARTORARIA LTDA - MRua Delmiro Gouveia,51                              63010075Protesto apÛs 5 dias                                        000132
1                   000902692011248461-9250                   0000000000000009250100000000002               019250      08021400000000500000000000012N050214000000000000001670000000000000000000000000000000000000000000000117736384000108JANAINA FERREIRA DE TOLEDO PEREIRA      Rua Vanor Junqueira Franco,300-Fundos               14701010Protesto apÛs 5 dias                                        000133
1                   000902692011248461-9251                   0000000000000009251P00000000002               019251      08021400000001000000000000012N050214000000000000003330000000000000000000000000000000000000000000000117880167000197AGUIA INTERMEDIA«√O CARTORARIA LTDA - MERua Volunt·rios da P·tria,524                       02010000Protesto apÛs 5 dias                                        000134
1                   000902692011248461-9252                   0000000000000009252800000000002               019252      08021400000001500000000000012N050214000000000000005000000000000000000000000000000000000000000000000118412276000142MIRIAM CRISTINA MANUCCI DOS SANTOS EIRELAv. Antonio Carlos Magalh„es,846-SL 122,            41825900Protesto apÛs 5 dias                                        000135
1                   000902692011248461-9253                   0000000000000009253600000000002               019253      08021400000000500000000000012N050214000000000000001670000000000000000000000000000000000000000000000117966691000185GERENCIAMENTO DE CERTIDOES E DOCUMENTOS Rua Cincinato Pinto,297-SL 105                      57020670Protesto apÛs 5 dias                                        000136
1                   000902692011248461-9254                   0000000000000009254400000000002               019254      08021400000000400000000000012N050214000000000000001330000000000000000000000000000000000000000000000117882102000180JK INTERMEDIA«’ES CARTOR¡RIAS           Av. Francisco Monteiro,95                           09400310Protesto apÛs 5 dias                                        000137
1                   000902692011248461-9255                   0000000000000009255200000000002               019255      08021400000000500000000000012N050214000000000000001670000000000000000000000000000000000000000000000118268113000138LINS E SILVA INTERMEDIA«’ES CARTOR¡RIAS Rua Visconde de Campo Alegre,149-1∫ Anda            54505370Protesto apÛs 5 dias                                        000138
1                   000902692011248461-9256                   0000000000000009256000000000002               019256      08021400000000300000000000012N050214000000000000001000000000000000000000000000000000000000000000000116456499000267FILADELFIA CARTOR¡RIOS E DOCUMENTAIS    Rua AntÙnio Teles de Menezes,41-SL 407              25520630Protesto apÛs 5 dias                                        000139
1                   000902692011248461-9257                   0000000000000009257900000000002               019257      08021400000001000000000000012N050214000000000000003330000000000000000000000000000000000000000000000115417430000180AME - AMOEDO MEDRADO EMPREENDIMENTOS LTDPÁ. Jo„o Barbosa Carvalho,58                        44001144Protesto apÛs 5 dias                                        000140
1                   000902692011248461-9258                   0000000000000009258700000000002               019258      08021400000000750000000000012N050214000000000000002500000000000000000000000000000000000000000000000114501933000177ROBERTO MACEDO DE ALBUQUERQUE ME        Rua Alameda Antofagasta,77-SL 301                   97050660Protesto apÛs 5 dias                                        000141
1                   000902692011248461-9259                   0000000000000009259500000000002               019259      08021400000000500000000000012N050214000000000000001670000000000000000000000000000000000000000000000117808878000150OLIVEIRA & MIRANDA INTERMEDIA«√O CARTORARua S„o Jo„o,630-A                                  15400000Protesto apÛs 5 dias                                        000142
1                   000902692011248461-9260                   0000000000000009260900000000002               019260      08021400000001500000000000012N050214000000000000005000000000000000000000000000000000000000000000000118133083000152MALTAURO BEZERRA CONSULTORIA E INTERMEDIAv. Tancredo Neves,1485-LJ 01                       41820021Protesto apÛs 5 dias                                        000143
1                   000902692011248461-9261                   0000000000000009261700000000002               019261      08021400000000500000000000012N050214000000000000001670000000000000000000000000000000000000000000000118209597000144T A Mendes ServiÁos Administrativos - MERua Visconde do Rio Branco,128                      13600080Protesto apÛs 5 dias                                        000144
1                   000902692011248461-9262                   0000000000000009262500000000002               019262      08021400000000500000000000012N050214000000000000001670000000000000000000000000000000000000000000000117961015000119ADALBERTO ROCHA THOBIAS - ME            Av. Paulista,259-Oeste                              17280000Protesto apÛs 5 dias                                        000145
1                   000902692011248461-9263                   0000000000000009263300000000002               019263      08021400000001500000000000012N050214000000000000005000000000000000000000000000000000000000000000000118123632000108MARCIA JULIO SCHALCH SERVI«OS DE INTERMERua Nossa Senhora M„e dos Homens,76                 07091000Protesto apÛs 5 dias                                        000146
1                   000902692011248461-9264                   0000000000000009264100000000002               019264      08021400000000500000000000012N050214000000000000001670000000000000000000000000000000000000000000000118117942000110Rocha OrÁai IntermediaÁ„o Cartor·ria LtdRua dos Leites,69-Sala 118, Galeria PÙr             28470000Protesto apÛs 5 dias                                        000147
1                   000902692011248461-9265                   0000000000000009265P00000000002               019265      08021400000000500000000000012N050214000000000000001670000000000000000000000000000000000000000000000118840724000109RM SERVI«OS DE INTERMEDIA«√O CARTOR¡RIA Av. Get˙lio Vargas,44                               48601260Protesto apÛs 5 dias                                        000148
1                   000902692011248461-9266                   0000000000000009266800000000002               019266      08021400000001500000000000012N050214000000000000005000000000000000000000000000000000000000000000000118379292000180DOCUMENTUM BRASILIA LTDA - ME           CLN 316-BL E, LJ 06                                 70775550Protesto apÛs 5 dias                                        000149
1                   000902692011248461-9267                   0000000000000009267600000000002               019267      08021400000001000000000000012N050214000000000000003330000000000000000000000000000000000000000000000115007025000194FV RepresentaÁ„o Comercial LTDA         Alameda AbricÛ,1856-LJ 03                           28890254Protesto apÛs 5 dias                                        000150
1                   000902692011248461-9268                   0000000000000009268400000000002               019268      08021400000000500000000000012N050214000000000000001670000000000000000000000000000000000000000000000118254685000168CASTELO BRANCO - INTERMEDIA«√O CART”RARIRua do Sol,382-Loja 06 - Centro Empresar            65300000Protesto apÛs 5 dias                                        000151
1                   000902692011248461-9269                   0000000000000009269200000000002               019269      08021400000000500000000000012N050214000000000000001670000000000000000000000000000000000000000000000118354262000110BOFF E MULLER INTERMEDIA«√O CARTOR¡RIA LAv. J˙lio de Castilhos,1340-SL 05 - Cent            95010003Protesto apÛs 5 dias                                        000152
1                   000902692011248461-9270                   0000000000000009270600000000002               019270      08021400000000500000000000012N050214000000000000001670000000000000000000000000000000000000000000000118596649000182LHL SERVI«OS ADMINISTRATIVOS E INTERMEDIRua AssemblÈia de Deus,39-SL 411                    11500040Protesto apÛs 5 dias                                        000153
1                   000902692011248461-9271                   0000000000000009271400000000002               019271      08021400000001500000000000012N050214000000000000005000000000000000000000000000000000000000000000000118354041000141By Trade IntermediaÁ„o Cartor·ria LTDA  Rua Pinto de Figueiredo,55-SL 605                   20511240Protesto apÛs 5 dias                                        000154
1                   000902692011248461-9272                   0000000000000009272200000000002               019272      08021400000000500000000000012N050214000000000000001670000000000000000000000000000000000000000000000119289512000148P W INTERMEDIA«√O CARTOR¡RIA LTDA       Rua Bonaire,312                                     65930000Protesto apÛs 5 dias                                        000155
1                   000902692011248461-9273                   0000000000000009273000000000002               019273      08021400000001000000000000012N050214000000000000003330000000000000000000000000000000000000000000000118758648000197CASANOVA E CAL INTERMEDIA«√O CARTOR¡RIA Rua Osvaldo Cruz,372-LJ 106                         41940000Protesto apÛs 5 dias                                        000156
1                   000902692011248461-9274                   0000000000000009274900000000002               019274      08021400000000500000000000012N050214000000000000001670000000000000000000000000000000000000000000000118607091000193ROBERTA CORREA BUENO GOLO ME            PraÁa 9 de Julho,123                                13960000Protesto apÛs 5 dias                                        000157
1                   000902692011248461-9275                   0000000000000009275700000000002               019275      08021400000000500000000000012N050214000000000000001670000000000000000000000000000000000000000000000103781158000134DESTRO & CABRAL INTERMEDIA«√O CARTOR¡RIAAv. da Saudade,246                                  14840000Protesto apÛs 5 dias                                        000158
1                   000902692011248461-9276                   0000000000000009276500000000002               019276      08021400000000500000000000012N050214000000000000001670000000000000000000000000000000000000000000000118678770000153CHIMACHI E COGHI INTERMEDIA«√O CARTOR¡RIRua AntÙnio Mour„o,84-SL 03                         13610090Protesto apÛs 5 dias                                        000159
1                   000902692011248461-9277                   0000000000000009277300000000002               019277      08021400000000350000000000012N050214000000000000001170000000000000000000000000000000000000000000000118465701000161SANDRA RODRIGUES DE JESUS - EIRELI - ME Rua Tito FulgÍncio,164-SL 106, Galeria C            38500000Protesto apÛs 5 dias                                        000160
1                   000902692011248461-9278                   0000000000000009278100000000002               019278      08021400000000500000000000012N050214000000000000001670000000000000000000000000000000000000000000000118950650000163NOVA ERA INTERMEDIA«√O CARTORARIA LTDA -Av. Rui Barbosa,72-SL 13                            11740970Protesto apÛs 5 dias                                        000161
1                   000902692011248461-9279                   0000000000000009279P00000000002               019279      08021400000000300000000000012N050214000000000000001000000000000000000000000000000000000000000000000118536552000184CAMPOS DO JORDAO INTERMEDIACAO CARTORARIRua Brigadeiro Jord„o,636                           12460000Protesto apÛs 5 dias                                        000162
1                   000902692011248461-9280                   0000000000000009280300000000002               019280      08021400000000400000000000012N050214000000000000001330000000000000000000000000000000000000000000000118758564000153M & M INTERMEDIA«√O CARTOR¡RIA LTDA - MERua Dom Luis Felipe de Orleans,1177                 02118001Protesto apÛs 5 dias                                        000163
1                   000902692011248461-9281                   0000000000000009281100000000002               019281      08021400000000350000000000012N050214000000000000001170000000000000000000000000000000000000000000000118717359000140FAVARO INTERMEDIA«√O CARTOR¡RIA LTDA -MEAv. Cinco,300                                       14620000Protesto apÛs 5 dias                                        000164
1                   000902692011248461-9282                   0000000000000009282P00000000002               019282      08021400000001000000000000012N050214000000000000003330000000000000000000000000000000000000000000000118592122000180JET-POST INTERMEDIA«√O CARTOR¡RIA LTDA -Av. Santo Amaro,1198                                04506001Protesto apÛs 5 dias                                        000165
1                   000902692011248461-9283                   0000000000000009283800000000002               019283      08021400000000500000000000012N050214000000000000001670000000000000000000000000000000000000000000000118995227000180MM SERVI«O DE INTERMEDIA«√O DE NEGOCIO LAv. Coumbiara,4489                                  76940000Protesto apÛs 5 dias                                        000166
1                   000902692011248461-9284                   0000000000000009284600000000002               019284      08021400000000500000000000012N050214000000000000001670000000000000000000000000000000000000000000000119204476000172ICSF - INTERMEDIA«√O CARTORARIA SAPONARARua Sebasti„o Silvestre Neves,279-LJ 28             11600000Protesto apÛs 5 dias                                        000167
1                   000902692011248461-9285                   0000000000000009285400000000002               019285      08021400000000500000000000012N050214000000000000001670000000000000000000000000000000000000000000000114445177000106Bruce Costa Vilafranca - ME             Rua Paschoal Gianfrancesco,60-Sal„o 10              13224700Protesto apÛs 5 dias                                        000168
1                   000902692011248461-9286                   0000000000000009286200000000002               019286      08021400000000500000000000012N050214000000000000001670000000000000000000000000000000000000000000000118917837000165VALE FV - INTERMEDIACAO CARTORARIA LTDA Rua Bernardino de Campos,44-SL 26/27, 1∫            12308010Protesto apÛs 5 dias                                        000169
1                   000902692011248461-9287                   0000000000000009287000000000002               019287      08021400000000500000000000012N050214000000000000001670000000000000000000000000000000000000000000000119044805000165RB CONSULTORIA E ASSESSORIA EIRELI      Rua Eliseu Guilherme,724                            14025020Protesto apÛs 5 dias                                        000170
1                   000902692011248461-9288                   0000000000000009288900000000002               019288      08021400000000500000000000012N050214000000000000001670000000000000000000000000000000000000000000000119137241000105OLIVEIRA E VALDEZ INTERMEDIA«’ES CARTOR¡Alameda Doutor Carlos de Carvalho,655-LJ            80430180Protesto apÛs 5 dias                                        000171
1                   000902692011248461-9289                   0000000000000009289700000000002               019289      08021400000001000000000000012N050214000000000000003330000000000000000000000000000000000000000000000116990226000117E. ROFELD SERVI«OS ADMINISTRATIVOS ME   Av. AngÈlica,1814-CJ 606                            01228200Protesto apÛs 5 dias                                        000172
1                   000902692011248461-9290                   0000000000000009290000000000002               019290      08021400000001000000000000012N050214000000000000003330000000000000000000000000000000000000000000000113031763000141QUALY SERVI«OS CARTOR¡RIOS LTDA         Est. do Gabinal,313-LJ 215-216                      22760151Protesto apÛs 5 dias                                        000173
1                   000902692011248461-9291                   0000000000000009291900000000002               019291      08021400000000500000000000012N050214000000000000001670000000000000000000000000000000000000000000000119219421000136OK INTERMEDIA«AO CARTORARIA LTDA        Rua Jeronimo Coelho,140-SL 04                       89201205Protesto apÛs 5 dias                                        000174
1                   000902692011248461-9292                   0000000000000009292700000000002               019292      08021400000000500000000000012N050214000000000000001670000000000000000000000000000000000000000000000119156294000173SIMPLES E ASSIM INTERMEDIA«√O CARTOR¡RIARua Visconde do Rio Branco,824                      18602000Protesto apÛs 5 dias                                        000175
1                   000902692011248461-9293                   0000000000000009293500000000002               019293      08021400000000500000000000012N050214000000000000001670000000000000000000000000000000000000000000000119152213000167MAIS FACIL INTERMEDIA«√O CARTORARIA     Av. Cel. Manoel InocÍncio,631-LJ 17                 12281010Protesto apÛs 5 dias                                        000176
1                   000902692011248461-9294                   0000000000000009294300000000002               019294      08021400000000500000000000012N050214000000000000001670000000000000000000000000000000000000000000000118939109000154J.B. NASCIMENTO INTERMEDIA«√O CARTORARIARua Par·,3222                                       15502236Protesto apÛs 5 dias                                        000177
1                   000902692011248461-9295                   0000000000000009295100000000002               019295      08021400000001000000000000012N050214000000000000003330000000000000000000000000000000000000000000000119353380000176RODOPOSTALLE SERVICOS CARTORARIOS LTDA -Rua Flores do PiauÌ,99-SL 03, 1∫ Andar              08210200Protesto apÛs 5 dias                                        000178
1                   000902692011248461-9296                   0000000000000009296P00000000002               019296      08021400000001000000000000012N050214000000000000003330000000000000000000000000000000000000000000000119054315000140FERNANDA MUNDOSTOCK RAYMUNDO EPP        Av. Get˙lio Vargas,1142                             90150002Protesto apÛs 5 dias                                        000179
1                   000902692011248461-9297                   0000000000000009297800000000002               019297      15021400000000283000000000012N050214120000000000000940000000000000000000000000000000000000000000000210377191000169ACM ASSESSORIA CONTABIL LTDA            Avenida Capit„o M·rio Toledo de Camargo,            09170150                                                            000180
1                   000902692011248461-9298                   0000000000000009298600000000002               019298      15021400000000129800000000012N050214120000000000000430000000000000000000000000000000000000000000000217184037010506389 Banco Mercantil do Brasil S.A.      Avenida Paulista ,923                               01311100                                                            000181
1                   000902692011248461-9299                   0000000000000009299400000000002               019299      15021400000000653400000000012N050214120000000000002180000000000000000000000000000000000000000000000262232889000190Banco Daycoval S/A                      Avenida Paulista ,1793-02∫ Andar                    01311200                                                            000182
1                   000902692011248461-9300                   0000000000000009300100000000002               019300      15021400000000160600000000012N050214120000000000000540000000000000000000000000000000000000000000000262232889000190Banco Daycoval S/A                      Avenida Paulista ,1793-02∫ Andar                    01311200                                                            000183
1                   000902692011248461-9301                   0000000000000009301P00000000002               019301      15021400000000180000000000012N050214120000000000000600000000000000000000000000000000000000000000000262232889000190Banco Daycoval S/A                      Avenida Paulista ,1793-02∫ Andar                    01311200                                                            000184
1                   000902692011248461-9302                   0000000000000009302800000000002               019302      15021400000000253000000000012N050214120000000000000840000000000000000000000000000000000000000000000262232889000190Banco Daycoval S/A                      Avenida Paulista ,1793-02∫ Andar                    01311200                                                            000185
1                   000902692011248461-9303                   0000000000000009303600000000002               019303      15021400000000169400000000012N050214120000000000000560000000000000000000000000000000000000000000000262232889000190Banco Daycoval S/A                      Avenida Paulista ,1793-02∫ Andar                    01311200                                                            000186
1                   000902692011248461-9304                   0000000000000009304400000000002               019304      15021400000000879800000000012N050214120000000000002930000000000000000000000000000000000000000000000262232889000190Banco Daycoval S/A                      Avenida Paulista ,1793-02∫ Andar                    01311200                                                            000187
1                   000902692011248461-9305                   0000000000000009305200000000002               019305      15021400000000160600000000012N050214120000000000000540000000000000000000000000000000000000000000000262232889000190Banco Daycoval S/A                      Avenida Paulista ,1793-02∫ Andar                    01311200                                                            000188
1                   000902692011248461-9306                   0000000000000009306000000000002               019306      15021400000000659850000000012N050214120000000000002200000000000000000000000000000000000000000000000262232889000190Banco Daycoval S/A                      Avenida Paulista ,1793-02∫ Andar                    01311200                                                            000189
1                   000902692011248461-9307                   0000000000000009307900000000002               019307      15021400000000160600000000012N050214120000000000000540000000000000000000000000000000000000000000000217184037006150389 Banco Mercantil do Brasil S.A.      Rua Amador Bueno ,43,45,47                          11013151                                                            000190
1                   000902692011248461-9308                   0000000000000009308700000000002               019308      15021400000000510400000000012N050214120000000000001700000000000000000000000000000000000000000000000217184037006150389 Banco Mercantil do Brasil S.A.      Rua Amador Bueno - atÈ 237 - lado Ìmpar,            11013151                                                            000191
1                   000902692011248461-9309                   0000000000000009309500000000002               019309      15021400000000952000000000012N050214120000000000003170000000000000000000000000000000000000000000000217184037010506389 Banco Mercantil do Brasil S.A.      Avenida Paulista ,923                               01311100                                                            000192
1                   000902692011248461-9310                   0000000000000009310900000000002               019310      15021400000002841530000000012N050214120000000000009470000000000000000000000000000000000000000000000260911864000197Comax Assessoria Empresarial Ltda.      Rua S„o Bento,365-12∫ andar                         01011100                                                            000193
1                   000902692011248461-9311                   0000000000000009311700000000002               019311      15021400000000030000000000012N050214120000000000000100000000000000000000000000000000000000000000000253283180000122Tesheiner Cavassani e Giacomazi AdvogadoRua Jo„o Adolfo,118-Conj. 405                       01050020                                                            000194
1                   000902692011248461-9312                   0000000000000009312500000000002               019312      05031400000000056000000000012N050214120000000000000190000000000000000000000000000000000000000000000208737007000100GOLD MILANO EMPREENDIMENTOS IMOBILIARIOSAvenida Paulista,1374-13∫ e 14∫ andar               01310100                                                            000195
1                   000902692011248461-9313                   0000000000000009313300000000002               019313      05031400000000046500000000012N050214120000000000000160000000000000000000000000000000000000000000000208290265000183ALENCAR ARARIPE EMPREENDIMENTOS IMOBILIAAvenida Paulista,1374-13∫ e 14∫ andar               01310100                                                            000196
1                   000902692011248461-9314                   0000000000000009314100000000002               019314      05031400000000056000000000012N050214120000000000000190000000000000000000000000000000000000000000000207698561000155CODESA EMPREENDIMENTOS IMOBILIARIOS LTDAAvenida Paulista,1374-13∫ e 14∫ andar               01310100                                                            000197
1                   000902692011248461-9315                   0000000000000009315P00000000002               019315      05031400000001344530000000012N050214120000000000004480000000000000000000000000000000000000000000000207273982000134PEREIRA BARRETO EMPREENDIMENTOS IMOBILIAAvenida Paulista,1374-13∫ e 14∫ andar               01310100                                                            000198
1                   000902692011248461-9316                   0000000000000009316800000000002               019316      05031400000001286310000000012N050214120000000000004290000000000000000000000000000000000000000000000209185079000147GOLD NIG…RIA EMPREENDIMENTOS IMOBILIARIOAvenida Paulista,1374-13∫ e 14∫ andar               01310100                                                            000199
1                   000902692011248461-9317                   0000000000000009317600000000002               019317      05031400000002269740000000012N050214120000000000007570000000000000000000000000000000000000000000000210899967000100GOLD LEROS EMPREENDIMENTOS IMOBILIARIOS Avenida Paulista,1374-13∫ e 14∫ andar               01310100                                                            000200
1                   000902692011248461-9318                   0000000000000009318400000000002               019318      05031400000000168000000000012N050214120000000000000560000000000000000000000000000000000000000000000208669569000156DRACO INOCORPORADORA LTDA               Avenida Paulista ,1374-13∫ e 14∫ andar              01310100                                                            000201
1                   000902692011248461-9319                   0000000000000009319200000000002               019319      05031400000001477700000000012N050214120000000000004930000000000000000000000000000000000000000000000208188603000170ELTANIN INCORPORADORA LTDA              Avenida Paulista,1374-13∫ e 14∫ andar               01310100                                                            000202
1                   000902692011248461-9320                   0000000000000009320600000000002               019320      05031400000002059040000000012N050214120000000000006860000000000000000000000000000000000000000000000208982379000194GOLD ACRE EMPREENDIMENTOS IMOBILIARIOS SAvenida Paulista,1374-13∫ e 14∫ andar               01310100                                                            000203
1                   000902692011248461-9321                   0000000000000009321400000000002               019321      05031400000000606500000000012N050214120000000000002020000000000000000000000000000000000000000000000207698561000155CONDESSA EMPREENDIMENTOS IMOBILIARIOS LTAvenida Paulista,1374-13∫ e 14∫ andar               01310100                                                            000204
1                   000902692011248461-9322                   0000000000000009322200000000002               019322      05031400000000373000000000012N050214120000000000001240000000000000000000000000000000000000000000000211837146000102PDG SP 4 INCORPORA«’ES SPE LTDA         Avenida Paulista,1374-13∫ e 14∫ andar               01310100                                                            000205
1                   000902692011248461-9323                   0000000000000009323000000000002               019323      05031400000000056000000000012N050214120000000000000190000000000000000000000000000000000000000000000207698352000101MUTINGA EMPREENDIMENTOS IMOBILIARIOS LTDAvenida Paulista,1374-13∫ e 14∫ andar               01310100                                                            000206
1                   000902692011248461-9324                   0000000000000009324900000000002               019324      05031400000000085400000000012N050214120000000000000280000000000000000000000000000000000000000000000207981917000163AGIN EMPREENDIMENTOS E PARTICIPA«’ES SPEAvenida Paulista,1374-13∫ e 14∫ andar               01310100                                                            000207
1                   000902692011248461-9325                   0000000000000009325700000000002               019325      05031400000000685560000000012N050214120000000000002290000000000000000000000000000000000000000000000208536102000138CONQUISTA EMPREENDIMENTOS IMOBILIARIO SPAvenida Paulista,1374-13∫ e 14∫ andar               01310100                                                            000208
1                   000902692011248461-9326                   0000000000000009326500000000002               019326      05031400000000512400000000012N050214120000000000001710000000000000000000000000000000000000000000000208689175000160PARQUE DO SOL EMPREENDIMENTO IMOBILIARIOAvenida Paulista - de 612 a 1510 - lado             01310100                                                            000209
1                   000902692011248461-9327                   0000000000000009327300000000002               019327      05031400000000158500000000012N050214120000000000000530000000000000000000000000000000000000000000000207960724000126WAURA EMPREENDIMENTOS IMOBILIARIOS LTDA Avenida Paulista,1374-13∫ e 14∫ andar               01310100                                                            000210
1                   000902692011248461-9328                   0000000000000009328100000000002               019328      05031400000000056000000000012N050214120000000000000190000000000000000000000000000000000000000000000207850154000111POLI INVESTIMENTOS IMOBILIARIOS LTDA    Avenida Paulista,1374-13∫ e 14∫ andar               01310100                                                            000211
1                   000902692011248461-9329                   0000000000000009329P00000000002               019329      05031400000000112000000000012N050214120000000000000370000000000000000000000000000000000000000000000211405508000196GOLDFARB 19 EMPREENDIMENTO IMOBILIARIO LAvenida Paulista,1374-13∫ e 14∫ andar               01310100                                                            000212
1                   000902692011248461-9330                   0000000000000009330300000000002               019330      05031400000001110000000000012N050214120000000000003700000000000000000000000000000000000000000000000209665940000174GOLD FOLEGANDROS EMPREENDIMENTOS IMOBILIAvenida Paulista,1374-13∫ e 14∫ andar               01310100                                                            000213
1                   000902692011248461-9331                   0000000000000009331100000000002               019331      05031400000000056000000000012N050214120000000000000190000000000000000000000000000000000000000000000211837131000144PDG SP 2 INCORPORA«’ES SPE LTDA         Avenida Paulista,1374-13∫ e 14∫ andar               01310100                                                            000214
1                   000902692011248461-9332                   0000000000000009332P00000000002               019332      05031400000000168000000000012N050214120000000000000560000000000000000000000000000000000000000000000209185017000135GOLD TURQUIA EMPREENDIMENTOS IMOBILIARIOAvenida Paulista,1374-13∫ e 14∫ andar               01310100                                                            000215
1                   000902692011248461-9333                   0000000000000009333800000000002               019333      05031400000000112000000000012N050214120000000000000370000000000000000000000000000000000000000000000211216807000182GOLDFARB 13 EMPREENDIMENTOS IMOBILIARIOSAvenida Paulista ,1374-13∫ e 14∫ andar              01310100                                                            000216
1                   000902692011248461-9334                   0000000000000009334600000000002               019334      05031400000000056000000000012N050214120000000000000190000000000000000000000000000000000000000000000208645621000134GOD MARROCOS EMPREENDIMENTOS IMOBILIARIOAvenida Paulista,1374-13∫ e 14∫ andar               01310100                                                            000217
1                   000902692011248461-9335                   0000000000000009335400000000002               019335      05031400000000335000000000012N050214120000000000001120000000000000000000000000000000000000000000000208991529000126GOLD MARILIA EMPREENDIMENTOS IMOBILIARIOAvenida Paulista - de 612 a 1510 - lado             01310100                                                            000218
1                   000902692011248461-9336                   0000000000000009336200000000002               019336      05031400000001512470000000012N050214120000000000005040000000000000000000000000000000000000000000000212424512000164STXROCK 10 DESENVOLVIMENTO IMOBILIARIO SAvenida Paulista,1374-13∫ e 14∫ andar               01310100                                                            000219
1                   000902692011248461-9337                   0000000000000009337000000000002               019337      05031400000000168000000000012N050214120000000000000560000000000000000000000000000000000000000000000210973245000159GOLD GANA EMPREENDIMENTOS IMOBILIARIOS SAvenida Paulista,1374-13∫ e 14∫ andar               01310100                                                            000220
1                   000902692011248461-9338                   0000000000000009338900000000002               019338      05031400000000085400000000012N050214120000000000000280000000000000000000000000000000000000000000000208994068000145GOLD PANAMA EMPREENDIMENTOS IMOBILIARIOSAvenida Paulista ,1374-13∫ e 14∫ andar              01310100                                                            000221
1                   000902692011248461-9339                   0000000000000009339700000000002               019339      05031400000000056000000000012N050214120000000000000190000000000000000000000000000000000000000000000211403677000197LBC EMPREENDIMENTOS IMOBILIARIOS SPE LTDAvenida Paulista,1374-13∫ e 14∫ andar               01310100                                                            000222
1                   000902692011248461-9340                   0000000000000009340000000000002               019340      05031400000000056000000000012N050214120000000000000190000000000000000000000000000000000000000000000208606510000119GOLD HAITI EMPREENDIMENTOS IMOBILIARIOS Avenida Paulista,1374-13∫ e 14∫ andar               01310100                                                            000223
1                   000902692011248461-9341                   0000000000000009341900000000002               019341      15021400000003748300000000012N0502141200000000000124900000000000000000000000000000000000000000000002000000005070911 Banco do Brasil S.A.                  Rua Doutor CÈsar - de 0449/450 a 799/080            02013002                                                            000224
1                   000902692011248461-9342                   0000000000000009342700000000002               019342      15021400000001368260000000012N0502141200000000000045600000000000000000000000000000000000000000000002000000005070911 Banco do Brasil S.A.                  Rua Doutor CÈsar - de 0449/450 a 799/080            02013002                                                            000225
1                   000902692011248461-9343                   0000000000000009343500000000002               019343      15021400000000540230000000012N0502141200000000000018000000000000000000000000000000000000000000000002000000005070911 Banco do Brasil S.A.                  Rua Doutor CÈsar - de 0449/450 a 799/080            02013002                                                            000226
1                   000902692011248461-9344                   0000000000000009344300000000002               019344      07021400000009000000000000012N050214000000000000000000000000000000000000000000000000000000000000000100035005690808Camila Rafaela Souza Nobrega            Av. Rio de Janeiro                                  11750000Taxa de Franquia - PeruÌbe/SP                               000227
1                   000902692011248461-9345                   0000000000000009345100000000002               019345      07031400000008000000000000012N050214000000000000000000000000000000000000000000000000000000000000000100035005690808Camila Rafaela Souza Nobrega            Av. Rio de Janeiro                                  11750000Taxa de Franquia - PeruÌbe/SP 2™ Parc.                      000228
1                   000902692011248461-9346                   0000000000000009346P00000000002               019346      07041400000008000000000000012N050214000000000000000000000000000000000000000000000000000000000000000100035005690808Camila Rafaela Souza Nobrega            Av. Rio de Janeiro                                  11750000Taxa de Franquia - PeruÌbe/SP 3™ Parc.                      000229
1                   000902692011248461-9347                   0000000000000009347800000000002               019347      16021400000000561000000000012N060214120000000000001870000000000000000000000000000000000000000000000217184037010506389 Banco Mercantil do Brasil S.A.      Avenida Paulista ,923                               01311100                                                            000230
1                   000902692011248461-9348                   0000000000000009348600000000002               019348      16021400000000847300000000012N060214120000000000002820000000000000000000000000000000000000000000000262232889000190Banco Daycoval S/A                      Avenida Paulista ,1793-02∫ Andar                    01311200                                                            000231
1                   000902692011248461-9349                   0000000000000009349400000000002               019349      16021400000002462500000000012N060214120000000000008210000000000000000000000000000000000000000000000260911864000197Comax Assessoria Empresarial Ltda.      Rua S„o Bento,365-12∫ andar                         01011100                                                            000232
1                   000902692011248461-9350                   0000000000000009350800000000002               019350      16021400000002377620000000012N0602141200000000000079300000000000000000000000000000000000000000000002000000005070911 Banco do Brasil S.A.                  Rua Doutor CÈsar - de 0449/450 a 799/080            02013002                                                            000233
1                   000902692011248461-9351                   0000000000000009351600000000002               019351      16021400000001370680000000012N0602141200000000000045700000000000000000000000000000000000000000000002000000005070911 Banco do Brasil S.A.                  Rua Doutor CÈsar - de 0449/450 a 799/080            02013002                                                            000234
1                   000902692011248461-9076                   0000000000000009076200000000002               069076      11021400000002687500000000012N100114060500000000000000000000000000000000000000000000000000000000000212587280000165RTC INTERMEDIA«√O CARTOR¡RIA LTDA - ME  Rua Montenegro, 171A                                11410040ACORDO ROYALTIES 3/3                                        000235
1                   000902692011248461-8854                   0000000000000008854700000000002               068854      05031400000000142100000000012N060114120000000000010000000000000000000000000000000000000000000000000211686561000102CHL CII INCORPORA«’ES LTDA              Avenida Paulista,1374-13∫ e 14∫ andar               01310100                                                            000236
1                   000902692011248461-8855                   0000000000000008855500000000002               068855      05031400000000146600000000012N060114120000000000010000000000000000000000000000000000000000000000000211837384000118PDG SP 7 INCORPORA«’ES SPE LTDA         Avenida Paulista,1374-13∫ e 14∫ andar               01310100                                                            000237
9                                                                                                                                                                                                                                                                                                                                                                                                         000238