01REMESSA01COBRANCA       00000000000004130991SISTEMA DE CARTóRIO CERTIDõES 237BRADESCO       060514        MX0000715                                                                                                                                                                                                                                                                                     000001
1                   000902692011248461-10082                  0000000000000010082200000000002               0110082     26051400000000170800000000012N050514120000000000000570000000000000000000000000000000000000000000000208536102000138CONQUISTA EMPREENDIMENTOS IMOBILIARIOS SAvenida Paulista,1374-13º e 14º andar               01310100                                                            000002
1                   000902692011248461-10083                  0000000000000010083000000000002               0110083     26051400000000618200000000012N050514120000000000002060000000000000000000000000000000000000000000000208188603000170ELTANIN INCORPORADORA LTDA              Avenida Paulista,1374-13º e 14º andar               01310100                                                            000003
1                   000902692011248461-10084                  0000000000000010084900000000002               0110084     26051400000002422120000000012N050514120000000000008070000000000000000000000000000000000000000000000208156644000185PENIDRE ADMINISTRACAO DE BENS LTDA      Avenida Paulista,1374-13º e 14º andar               01310100                                                            000004
1                   000902692011248461-10085                  0000000000000010085700000000002               0110085     26051400000003132890000000012N050514120000000000010440000000000000000000000000000000000000000000000207421434000104JARDIM DAS VERTENTES INCORPORADORA SPE LAvenida Paulista,1374-13º e 14º andar               01310100                                                            000005
1                   000902692011248461-10086                  0000000000000010086500000000002               0110086     26051400000001523010000000012N050514120000000000005080000000000000000000000000000000000000000000000207273982000134PEREIRA BARRETO EMPREENDIMENTOS IMOBILIAAvenida Paulista,1374-13º e 14º andar               01310100                                                            000006
1                   000902692011248461-10087                  0000000000000010087300000000002               0110087     26051400000000112000000000012N050514120000000000000370000000000000000000000000000000000000000000000207960724000126WAURA EMPREENDIMENTOS IMOBILIARIOS LTDA Avenida Paulista,1374-13º e 14º andar               01310100                                                            000007
1                   000902692011248461-10088                  0000000000000010088100000000002               0110088     26051400000000102500000000012N050514120000000000000340000000000000000000000000000000000000000000000207850154000111Poli investimentos imobiliários         Avenida Paulista,1374-13º e 14º andar               01310100                                                            000008
1                   000902692011248461-10089                  0000000000000010089P00000000002               0110089     26051400000000317000000000012N050514120000000000001060000000000000000000000000000000000000000000000207698561000155CONDESSA EMPREENDIMENTOS IMOBILIARIOS LTAvenida Paulista,1374-13º e 14º andar               01310100                                                            000009
1                   000902692011248461-10090                  0000000000000010090300000000002               0110090     26051400000000056000000000012N050514120000000000000190000000000000000000000000000000000000000000000207697773000118MUNTIGA EMPREENDIMENTOS LTDA            Avenida Paulista,1374-13º e 14º andar               01310100                                                            000010
1                   000902692011248461-10091                  0000000000000010091100000000002               0110091     08051400000000016000000000012N050514000000000000000050000000000000000000000000000000000000000000000110918131000106PROCART - PROCESSOS CARTORAIS LTDA      Rua Primeiro de Janeiro,35-Sala 101                 35180032Protesto após 5 dias                                        000011
1                   000902692011248461-10092                  0000000000000010092P00000000002               0110092     08051400000000491550000000012N050514000000000000001640000000000000000000000000000000000000000000000111029315000188SUZAN CART CERTIDOES LTDA - ME          Rua Gal. Francisco Glicério,1185                    08674003Protesto após 5 dias                                        000012
1                   000902692011248461-10093                  0000000000000010093800000000002               0110093     08051400000000500000000000012N050514000000000000001670000000000000000000000000000000000000000000000111198466000160GOMES & KUNCEVICIUS LTDA ME             Rua Prisciliana de Castilho,374-Sala 06             11660330Protesto após 5 dias                                        000013
1                   000902692011248461-10094                  0000000000000010094600000000002               0110094     08051400000000435750000000012N050514000000000000001450000000000000000000000000000000000000000000000111163439000151RF-SERVICOS DE DOCUMENTACAO LTDA.       Av. Mal. Castelo Branco,173-A                       65076090Protesto após 5 dias                                        000014
1                   000902692011248461-10095                  0000000000000010095400000000002               0110095     08051400000001800000000000012N050514000000000000006000000000000000000000000000000000000000000000000110999668000148ASSESSORIA E CONSULTORIA DE DOCUMENTOS ER. Leopoldo Machado,242-Loja 02                     18035075Protesto após 5 dias                                        000015
1                   000902692011248461-10096                  0000000000000010096200000000002               0110096     08051400000001300000000000012N050514000000000000004330000000000000000000000000000000000000000000000111165549000152D´ VASQUEZ SERVIÇOS CARTORARIOS LTDA - EAv. Dr. João Guilhermino,293                        12210131Protesto após 5 dias                                        000016
1                   000902692011248461-10097                  0000000000000010097000000000002               0110097     08051400000000614850000000012N050514000000000000002050000000000000000000000000000000000000000000000111144435000126M&Z DOCUMENTOS CARTORÁRIOS LTDA         R. da Assembléia,10-12º Andar SL 1221               20011000Protesto após 5 dias                                        000017
1                   000902692011248461-10098                  0000000000000010098900000000002               0110098     08051400000001000000000000012N050514000000000000003330000000000000000000000000000000000000000000000114816778000188Oliveira Intermediação Cartorária LTDA MRua Delfino Cintra,500 AxB                          13020100Protesto após 5 dias                                        000018
1                   000902692011248461-10099                  0000000000000010099700000000002               0110099     08051400000000500000000000012N050514000000000000001670000000000000000000000000000000000000000000000111253279000131ÁGAPE SERVIÇOS E INTERMEDIAÇÕES CARTORÁRR. Gov. Pedro de Toledo,569                         13400070Protesto após 5 dias                                        000019
1                   000902692011248461-10100                  0000000000000010100400000000002               0110100     08051400000001000000000000012N050514000000000000003330000000000000000000000000000000000000000000000106058057000128CTPOST SERVIÇOS LTDA ME                 R. Chaves Barcelos,131                              90030120Protesto após 5 dias                                        000020
1                   000902692011248461-10101                  0000000000000010101200000000002               0110101     08051400000000005000000000012N050514000000000000000020000000000000000000000000000000000000000000000113238744000190ARCHANJO TEIXEIRA PREPARAÇÃO DE DOCUMENTAv. Brasil,1586-Loja 06                             30140003Protesto após 5 dias                                        000021
1                   000902692011248461-10102                  0000000000000010102000000000002               0110102     08051400000000113250000000012N050514000000000000000380000000000000000000000000000000000000000000000112761154000185MC PRESTADORA DE SERVIÇOS ADMINISTRATIVORua Marechal José B. Bormann,164 E-Sala             89802120Protesto após 5 dias                                        000022
1                   000902692011248461-10103                  0000000000000010103900000000002               0110103     08051400000000047410000000012N050514000000000000000160000000000000000000000000000000000000000000000111675298000156MORANDO & MORANDO SERV TRANSCRIÇÃO DOCUMRua Tibiriçá,189                                    14010090Protesto após 5 dias                                        000023
1                   000902692011248461-10104                  0000000000000010104700000000002               0110104     08051400000000042600000000012N060514000000000000000140000000000000000000000000000000000000000000000111564744000155SARAIVA´S CONSULTORIA EMPRESARIAL LTDA  Rua Prefeito José Santana Trigueiro,183             32604188Protesto após 5 dias                                        000024
1                   000902692011248461-10105                  0000000000000010105500000000002               0110105     08051400000000500000000000012N060514000000000000001670000000000000000000000000000000000000000000000111479061000108ANDRADE SOARES LOPES LTDA               Rua Lehar David,05                                  45000445Protesto após 5 dias                                        000025
1                   000902692011248461-10106                  0000000000000010106300000000002               0110106     08051400000000026580000000012N060514000000000000000090000000000000000000000000000000000000000000000111777632000182CFN ASSESSORIA EM DOCUMENTOS LTDA       R Prefeito Carlos José Carlson,226-CJ 01            09450000Protesto após 5 dias                                        000026
1                   000902692011248461-10107                  0000000000000010107100000000002               0110107     08051400000000700000000000012N060514000000000000002330000000000000000000000000000000000000000000000113594653000198Melo e Cunha Consultoria e Assessoria LtAv. Presidente João Goulart,LJ 47B-QD 2             74968890Protesto após 5 dias                                        000027
1                   000902692011248461-10108                  0000000000000010108P00000000002               0110108     08051400000000500000000000012N060514000000000000001670000000000000000000000000000000000000000000000111222886000134ELIDA ASSESSORIA EMPRESARIAL LTDA       R. Neo Alves Martins,2955-Sala 03                   87013060Protesto após 5 dias                                        000028
1                   000902692011248461-10109                  0000000000000010109800000000002               0110109     08051400000001035210000000012N060514000000000000003450000000000000000000000000000000000000000000000111834699000101REGIS ORLANDINI ASSESSORIA CARTORARIA LTAv. João Naves de Ávila,81                          38400600Protesto após 5 dias                                        000029
1                   000902692011248461-10110                  0000000000000010110100000000002               0110110     08051400000000500000000000012N060514000000000000001670000000000000000000000000000000000000000000000119762311000116JURACY LOPES - ME                       Rua Afonso Pena,5-47                                17060250Protesto após 5 dias                                        000030
1                   000902692011248461-10111                  0000000000000010111P00000000002               0110111     08051400000000004000000000012N060514000000000000000010000000000000000000000000000000000000000000000111838860000115M.L. CARDOSO - PRESTAÇÃO DE SERVIÇOS - ERua Luiz Pereira Barreto,304                        16010320Protesto após 5 dias                                        000031
1                   000902692011248461-10112                  0000000000000010112800000000002               0110112     08051400000000041090000000012N060514000000000000000140000000000000000000000000000000000000000000000118433773000127MUZETI ASSESSORIA CARTORARIA LTDA ME    Rua 20,1022                                         14780070Protesto após 5 dias                                        000032
1                   000902692011248461-10113                  0000000000000010113600000000002               0110113     08051400000000500000000000012N060514000000000000001670000000000000000000000000000000000000000000000119450025000115SAITO & SAITO ASSESSORIA E SERVIÇOS LTDAAv. Francisco de Paula Leite,1699                   13344325Protesto após 5 dias                                        000033
1                   000902692011248461-10114                  0000000000000010114400000000002               0110114     08051400000000015080000000012N060514000000000000000050000000000000000000000000000000000000000000000112462165000164Viviane Aparecida Henriques - EPP       Rua Rui Barbosa,164                                 19010260Protesto após 5 dias                                        000034
1                   000902692011248461-10115                  0000000000000010115200000000002               0110115     08051400000000500000000000012N060514000000000000001670000000000000000000000000000000000000000000000112443155000181ASSESSORIA E CONSULTORIA CARTORARIA DE DRua Santa Cruz,652                                  13300090Protesto após 5 dias                                        000035
1                   000902692011248461-10116                  0000000000000010116000000000002               0110116     08051400000001000000000000012N060514000000000000003330000000000000000000000000000000000000000000000116952765000161RORATO TEIXEIRA SISTEMAS DE SERVIÇOS PARRua 2000,657-SL 02                                  88330462Protesto após 5 dias                                        000036
1                   000902692011248461-10117                  0000000000000010117900000000002               0110117     08051400000000256350000000012N060514000000000000000850000000000000000000000000000000000000000000000113619244000107BRAGPOST ASSESSORIA CARTORARIA LTDA     Av. Antonio Pires Pimentel,707                      12914001Protesto após 5 dias                                        000037
1                   000902692011248461-10118                  0000000000000010118700000000002               0110118     08051400000000500000000000012N060514000000000000001670000000000000000000000000000000000000000000000112632803000148RUBIANA SERVIÇOS DE CARTORIO, CERTIDÕES Rua das Esmeraldas,186                              09920520Protesto após 5 dias                                        000038
1                   000902692011248461-10119                  0000000000000010119500000000002               0110119     08051400000000500000000000012N060514000000000000001670000000000000000000000000000000000000000000000102248702000114MOURA E MENEZES SERVIÇOS ADMINISTRATIVOSRua Dr. Curvelo Cavalcante,189-Loja 101             23810201Protesto após 5 dias                                        000039
1                   000902692011248461-10120                  0000000000000010120900000000002               0110120     08051400000000500000000000012N060514000000000000001670000000000000000000000000000000000000000000000111619454000161ASSESSORIA CARTORÁRIA DO NORDESTE LTDA  Av. Conselheiro Rosa e Silva,1460-Sala 1            52020220Protesto após 5 dias                                        000040
1                   000902692011248461-10121                  0000000000000010121700000000002               0110121     08051400000000500000000000012N060514000000000000001670000000000000000000000000000000000000000000000112572498000146Alphacentral Documentos e Serviços LTDA Rua Cel. Siqueira de Moraes,125/127                 13201032Protesto após 5 dias                                        000041
1                   000902692011248461-10122                  0000000000000010122500000000002               0110122     08051400000000097160000000012N060514000000000000000320000000000000000000000000000000000000000000000112837049000182TOWER NITEROI SERVIÇOS DE CARTÓRIO E CERRua Visconde de Sepetiba,935-SL 625                 24020206Protesto após 5 dias                                        000042
1                   000902692011248461-10123                  0000000000000010123300000000002               0110123     08051400000000085050000000012N060514000000000000000280000000000000000000000000000000000000000000000112139078000170RW MARIZ ESTRUTURA CARTORAL LTDA        Av Epitácio Pessoa,475-Sala 05                      58030906Protesto após 5 dias                                        000043
1                   000902692011248461-10124                  0000000000000010124100000000002               0110124     08051400000000500000000000012N060514000000000000001670000000000000000000000000000000000000000000000112498961000157HANNAH ASSESSORIA CARTORÁRIA LTDA       Rua Visconde de Mauá,208-Térreo                     45652468Protesto após 5 dias                                        000044
1                   000902692011248461-10125                  0000000000000010125P00000000002               0110125     08051400000001750000000000012N060514000000000000005830000000000000000000000000000000000000000000000113133167000172G I CART SERVIÇOS ORGANIZACIONAIS LTDA  Rua dos Marianos,132                                06016050Protesto após 5 dias                                        000045
1                   000902692011248461-10126                  0000000000000010126800000000002               0110126     08051400000000350000000000012N060514000000000000001170000000000000000000000000000000000000000000000115369569000104FERRAGUT E MUZEL SERVIÇOS ADMINISTRATIVORua Barão de Mauá,1152-Piso Superior, SL            13276080Protesto após 5 dias                                        000046
1                   000902692011248461-10127                  0000000000000010127600000000002               0110127     08051400000000011100000000012N060514000000000000000040000000000000000000000000000000000000000000000113321680000197Ana Claudia Barbiere Alves Ferreira - MEAv. Brasil,326                                      14801050Protesto após 5 dias                                        000047
1                   000902692011248461-10128                  0000000000000010128400000000002               0110128     08051400000000016000000000012N060514000000000000000050000000000000000000000000000000000000000000000117655488000198KAEL INTERMEDIAÇÕES CARTORÁRIAS LTDA ME Av. Monte Castelo,720                               13450032Protesto após 5 dias                                        000048
1                   000902692011248461-10129                  0000000000000010129200000000002               0110129     08051400000000037790000000012N060514000000000000000130000000000000000000000000000000000000000000000113350598000190CP SERVIÇOS ADMINISTRATIVO LTDA - ME    Rua Arnaldo Estevão de Figueiredo,640               78700150Protesto após 5 dias                                        000049
1                   000902692011248461-10130                  0000000000000010130600000000002               0110130     08051400000000035500000000012N060514000000000000000120000000000000000000000000000000000000000000000113585685000127ASSESSORIA CARTORÁRIA LIMEIRA LTDA ME   Rua Deputado Octavio Lopes,304 B                    13480021Protesto após 5 dias                                        000050
1                   000902692011248461-10131                  0000000000000010131400000000002               0110131     08051400000000103940000000012N060514000000000000000350000000000000000000000000000000000000000000000113406670000154RODRIGUES E VIEIRA LTDA.                104 SUL RUA SE 05 LOTE 23 | AC JK CAIXA             77006970Protesto após 5 dias                                        000051
1                   000902692011248461-10132                  0000000000000010132200000000002               0110132     08051400000000067000000000012N060514000000000000000220000000000000000000000000000000000000000000000113743219000122Valentim e Silva Serviços               Praça Antônio Dias,584                              38700110Protesto após 5 dias                                        000052
1                   000902692011248461-10133                  0000000000000010133000000000002               0110133     08051400000000004750000000012N060514000000000000000020000000000000000000000000000000000000000000000113433192000171CONSULT SERVICE ASSESSORIA CARTORÁRIA LTRua Episcopal,1714-Loja 02                          13560570Protesto após 5 dias                                        000053
1                   000902692011248461-10134                  0000000000000010134900000000002               0110134     08051400000000008910000000012N060514000000000000000030000000000000000000000000000000000000000000000113576355000175LEME ASSESSORIA E CONSULTORIA DE DOCUMENRua Prudente de Moraes,933                          13320160Protesto após 5 dias                                        000054
1                   000902692011248461-10135                  0000000000000010135700000000002               0110135     08051400000000500000000000012N060514000000000000001670000000000000000000000000000000000000000000000113845551000106MACEDO & MELO INTERMEDIACOES CARTORARIASRUA LIZANDRO NOGUEIRA,1223-SALA 304                 64000200Protesto após 5 dias                                        000055
1                   000902692011248461-10136                  0000000000000010136500000000002               0110136     08051400000000500000000000012N060514000000000000001670000000000000000000000000000000000000000000000126069567000108JPS SERVIÇOS LTDA ME                    Rua Apinajés,1100-Cj. 501                           05017000Protesto após 5 dias                                        000056
1                   000902692011248461-10137                  0000000000000010137300000000002               0110137     08051400000001750000000000012N060514000000000000005830000000000000000000000000000000000000000000000110573048000142SV3 SERVIÇOS ADMINISTRATIVOS EIRELI     Rua Tijuco Preto,544                                03316000Protesto após 5 dias                                        000057
1                   000902692011248461-10138                  0000000000000010138100000000002               0110138     08051400000000500000000000012N060514000000000000001670000000000000000000000000000000000000000000000114142222000153Araujo Oliveira Assessoria Cartoraria LTAv. Radial B,60-LJ 02                               42807380Protesto após 5 dias                                        000058
1                   000902692011248461-10139                  0000000000000010139P00000000002               0110139     08051400000000350000000000012N060514000000000000001170000000000000000000000000000000000000000000000114456232000163CUNHA & ALVES ASSESSORIA COMERCIAL E INDRua Juscelino K. de Oliveira,763                    37580000Protesto após 5 dias                                        000059
1                   000902692011248461-10140                  0000000000000010140300000000002               0110140     08051400000000500000000000012N060514000000000000001670000000000000000000000000000000000000000000000115779004000197BONESSO & GIANETTI LTDA ME              Rua Nove de Julho,430-Lj 03 - Galeria de            13280000Protesto após 5 dias                                        000060
1                   000902692011248461-10141                  0000000000000010141100000000002               0110141     08051400000000500000000000012N060514000000000000001670000000000000000000000000000000000000000000000111834699000292REGIS ORLANDINI ASSESSORIA CARTORÁRIA EPPraça Manoel Bonito,65                              38440076Protesto após 5 dias                                        000061
1                   000902692011248461-10142                  0000000000000010142P00000000002               0110142     08051400000000500000000000012N060514000000000000001670000000000000000000000000000000000000000000000115003436000101Via Rápida Intermediação Cartorária LTDARua Vereador Juca Pena,10                           36400000Protesto após 5 dias                                        000062
1                   000902692011248461-10143                  0000000000000010143800000000002               0110143     08051400000000500000000000012N060514000000000000001670000000000000000000000000000000000000000000000114467333000130Sirley Santos Niemic - ME               Av. Municipal,1779 A                                78250000Protesto após 5 dias                                        000063
1                   000902692011248461-10144                  0000000000000010144600000000002               0110144     08051400000000500000000000012N060514000000000000001670000000000000000000000000000000000000000000000114547088000170SPEED FOX ASSESSORIA CARTORARIA LTDA ME Rua General Dionisio,410-LOJA                       25075095Protesto após 5 dias                                        000064
1                   000902692011248461-10145                  0000000000000010145400000000002               0110145     08051400000000111000000000012N060514000000000000000370000000000000000000000000000000000000000000000114911193000147LOPES&LOPES INTERMEDIAÇÃO CARTORÁRIA LTDRua Marechal Deodoro,444-loja 322                   36010904Protesto após 5 dias                                        000065
1                   000902692011248461-10146                  0000000000000010146200000000002               0110146     08051400000000500000000000012N060514000000000000001670000000000000000000000000000000000000000000000115220454000226RENAULT ASSOCIADOS INTERMEDIACOES CARTORRua Benedito Valadares,520-LJ 03                    35660630Protesto após 5 dias                                        000066
1                   000902692011248461-10147                  0000000000000010147000000000002               0110147     08051400000000500000000000012N060514000000000000001670000000000000000000000000000000000000000000000115170049000160Ivani Marques de Souza - ME             Rua Barão do Rio Branco,1439 B                      16200001Protesto após 5 dias                                        000067
1                   000902692011248461-10148                  0000000000000010148900000000002               0110148     08051400000001000000000000012N060514000000000000003330000000000000000000000000000000000000000000000115447264000165CAMPDOC INTERMEDIAÇÃO CARTORÁRIA LTDA – Av. Barão de Monte Alegre,103                       13032525Protesto após 5 dias                                        000068
1                   000902692011248461-10149                  0000000000000010149700000000002               0110149     08051400000000044500000000012N060514000000000000000150000000000000000000000000000000000000000000000113372039000262DE PAULA E FRANÇA SERVIÇOS PRIVADOS E INRua Roberto Calmon,140                              29200340Protesto após 5 dias                                        000069
1                   000902692011248461-10150                  0000000000000010150000000000002               0110150     08051400000000500000000000012N060514000000000000001670000000000000000000000000000000000000000000000115328775000168Bagini e Okumura Intermediações CartorárRua Laurindo Borges,1494                            87303240Protesto após 5 dias                                        000070
1                   000902692011248461-10151                  0000000000000010151900000000002               0110151     08051400000000500000000000012N060514000000000000001670000000000000000000000000000000000000000000000115776815000134RCA - PREST CART INTERMEDIAÇÃO CARTORARIRua João Caetano,185-LJ 103                         24710405Protesto após 5 dias                                        000071
1                   000902692011248461-10152                  0000000000000010152700000000002               0110152     08051400000000300000000000012N060514000000000000001000000000000000000000000000000000000000000000000115523647000175TGD ASSESSORIA E CONSULTORIA LTDA       Rua Coronel Antonio Cardoso Pinto,34 A              37640000Protesto após 5 dias                                        000072
1                   000902692011248461-10153                  0000000000000010153500000000002               0110153     08051400000000500000000000012N060514000000000000001670000000000000000000000000000000000000000000000116465255000160Tocantins Intermediação Cartorária LTDA-RUA RODOVIÁRIA,193-SALA 01                          77805040Protesto após 5 dias                                        000073
1                   000902692011248461-10154                  0000000000000010154300000000002               0110154     08051400000000700000000000012N060514000000000000002330000000000000000000000000000000000000000000000115653178000109FOCUS INTERMEDIAÇÃO CARTORÁRIA LTDA     AV. BRASIL,10-LOJA 224                              28970000Protesto após 5 dias                                        000074
1                   000902692011248461-10155                  0000000000000010155100000000002               0110155     08051400000000500000000000012N060514000000000000001670000000000000000000000000000000000000000000000115731322000188MEIRELES SERVIÇOS DE APOIO ADMINISTRATIVRua José Marcelino de Oliveira,374-BAIXO            67030170Protesto após 5 dias                                        000075
1                   000902692011248461-10156                  0000000000000010156P00000000002               0110156     08051400000000500000000000012N060514000000000000001670000000000000000000000000000000000000000000000116608106000102CONTAK INTERMEDIAÇÕES CARTORARIAS LTDA  Av. Conselheiro Nebias,754                          11045002Protesto após 5 dias                                        000076
1                   000902692011248461-10157                  0000000000000010157800000000002               0110157     08051400000001000000000000012N060514000000000000003330000000000000000000000000000000000000000000000115803475000193PEDRO, BASTOS & JONES SERVIÇOS ASMINISTRRua Duque de Caxias,01-SL 31                        28613060Protesto após 5 dias                                        000077
1                   000902692011248461-10158                  0000000000000010158600000000002               0110158     08051400000000500000000000012N060514000000000000001670000000000000000000000000000000000000000000000115872523000103HEITOR PIGHINI BARBADO ME               Rua Senador José Bonifácio,312-B                    13800060Protesto após 5 dias                                        000078
1                   000902692011248461-10159                  0000000000000010159400000000002               0110159     08051400000000500000000000012N060514000000000000001670000000000000000000000000000000000000000000000118997889000199CP CAMPO GRANDE INTERMEDIACOES CARTORARIRua Amaral Costa,408-LJ 01                          23050260Protesto após 5 dias                                        000079
1                   000902692011248461-10160                  0000000000000010160800000000002               0110160     08051400000000500000000000012N060514000000000000001670000000000000000000000000000000000000000000000115566079000190Marins Consultoria e Intermediação CartoAvenida Brasil,4140-Sala 13                         87503420Protesto após 5 dias                                        000080
1                   000902692011248461-10161                  0000000000000010161600000000002               0110161     08051400000001000000000000012N060514000000000000003330000000000000000000000000000000000000000000000115703802000135Assecar Apoio Administrativo de MArilia Rua Carlos Gomes,343                                17501000Protesto após 5 dias                                        000081
1                   000902692011248461-10162                  0000000000000010162400000000002               0110162     08051400000000500000000000012N060514000000000000001670000000000000000000000000000000000000000000000115723896000104Walter Shuji Kishi eireli-ME            Avenida Presidente Getúio Vargas,2214-Lo            45990289Protesto após 5 dias                                        000082
1                   000902692011248461-10163                  0000000000000010163200000000002               0110163     08051400000000500000000000012N060514000000000000001670000000000000000000000000000000000000000000000115665799000102OLIVEIRA E PEIXOTO LTDA                 Rua Barbosa de Sousa,25-SL 006 - Centro             45203640Protesto após 5 dias                                        000083
1                   000902692011248461-10164                  0000000000000010164000000000002               0110164     08051400000000500000000000012N060514000000000000001670000000000000000000000000000000000000000000000116911487000102L & A INTERMEDIAÇÕES CARTORÁRIAS LTDA   Rua Marechal Deodoro,111                            48005020Protesto após 5 dias                                        000084
1                   000902692011248461-10165                  0000000000000010165900000000002               0110165     08051400000000500000000000012N060514000000000000001670000000000000000000000000000000000000000000000116615091000100MEG INTERMEDIAÇÃO CARTORÁRIA            Av. 13,625                                          13500340Protesto após 5 dias                                        000085
1                   000902692011248461-10166                  0000000000000010166700000000002               0110166     08051400000000500000000000012N060514000000000000001670000000000000000000000000000000000000000000000115696350000101Almeida Intermediação cartorária LTDA MERua José Brenha Ribeiro,23                          18130495Protesto após 5 dias                                        000086
1                   000902692011248461-10167                  0000000000000010167500000000002               0110167     08051400000000500000000000012N060514000000000000001670000000000000000000000000000000000000000000000119373945000187MR Sistema de Intermediação Cartorária LRua 29 de Abril,123                                 13256000Protesto após 5 dias                                        000087
1                   000902692011248461-10168                  0000000000000010168300000000002               0110168     08051400000000500000000000012N0605140000000000000016700000000000000000000000000000000000000000000001157926280001442 W V INTERMEDIAÇÃO CARTORÁRIA LTDA-ME  Rua Marechal Deodoro,44                             12500210Protesto após 5 dias                                        000088
1                   000902692011248461-10169                  0000000000000010169100000000002               0110169     08051400000000500000000000012N060514000000000000001670000000000000000000000000000000000000000000000115779486000185ANA LIDIA ANDRADE VASCONCELOS CISOTTO - Rua Mário Pedro Vercellino,411                      18550000Protesto após 5 dias                                        000089
1                   000902692011248461-10170                  0000000000000010170500000000002               0110170     08051400000001000000000000012N060514000000000000003330000000000000000000000000000000000000000000000116566686000112SOMARX INTERMEDIAÇÃO CARTORÁRIA LTDA    QN 07 - AREA ESPECIAL 1 TERREO LOJA,11-R            71805731Protesto após 5 dias                                        000090
1                   000902692011248461-10171                  0000000000000010171300000000002               0110171     08051400000001000000000000012N060514000000000000003330000000000000000000000000000000000000000000000116651907000150COTIA CENTRAL - SERVIÇOS ADMINISTRATIVOSRua Joaquim Nunes Filho,204                         06717180Protesto após 5 dias                                        000091
1                   000902692011248461-10172                  0000000000000010172100000000002               0110172     08051400000001500000000000012N060514000000000000005000000000000000000000000000000000000000000000000117013577000130RIBEIRO INTERMEDIAÇÃO CARTORÁRIA LTDA.  Av. Presidente Marques,1212                         78045008Protesto após 5 dias                                        000092
1                   000902692011248461-10173                  0000000000000010173P00000000002               0110173     08051400000000500000000000012N060514000000000000001670000000000000000000000000000000000000000000000116455215000137MIM Consultoria, Assessoria e IntermediaRua Gal. Bacelar,504                                96200370Protesto após 5 dias                                        000093
1                   000902692011248461-10174                  0000000000000010174800000000002               0110174     08051400000000500000000000012N060514000000000000001670000000000000000000000000000000000000000000000116850829000113FORMAGIO & MILARE LTDA ME               Rua Princesa Izabel,994                             17900000Protesto após 5 dias                                        000094
1                   000902692011248461-10175                  0000000000000010175600000000002               0110175     08051400000001000000000000012N060514000000000000003330000000000000000000000000000000000000000000000116988183000135MENEZES & AMARAL INTERMEDIAÇÃO CARTORÁRIRua Israel Pinheiro,2500-LJ 1                       35020220Protesto após 5 dias                                        000095
1                   000902692011248461-10176                  0000000000000010176400000000002               0110176     08051400000000500000000000012N060514000000000000001670000000000000000000000000000000000000000000000117163022000175DEFTHJ CONSULTORIA E ASSESSORIA CARTORÁRR. Pedro Procópio,48                                06501130Protesto após 5 dias                                        000096
1                   000902692011248461-10177                  0000000000000010177200000000002               0110177     08051400000000500000000000012N060514000000000000001670000000000000000000000000000000000000000000000116943517000154SOUZA SERVIÇOS DE DOCUMENTOS S/S LTDA EPR. Coronel Aureliano de Camargo,666                 18270170Protesto após 5 dias                                        000097
1                   000902692011248461-10178                  0000000000000010178000000000002               0110178     08051400000000500000000000012N060514000000000000001670000000000000000000000000000000000000000000000117206713000109FABIO TOMAZ CARDOSO - ME                Rua Primeiro de Maio,202-SL 507                     09015030Protesto após 5 dias                                        000098
1                   000902692011248461-10179                  0000000000000010179900000000002               0110179     08051400000000800000000000012N060514000000000000002670000000000000000000000000000000000000000000000116383668000103MADJ SERVIÇOS DE INTERMEDIAÇÃO CARTORÁRIRua Nestor de Barros,48                             03325050Protesto após 5 dias                                        000099
1                   000902692011248461-10180                  0000000000000010180200000000002               0110180     08051400000000500000000000012N060514000000000000001670000000000000000000000000000000000000000000000111834699000373REGIS ORLANDINI ASSESSORIA CARTORÁRIA EPRua Dr. Frankilin de Castro,238                     38183120Protesto após 5 dias                                        000100
1                   000902692011248461-10181                  0000000000000010181000000000002               0110181     08051400000000500000000000012N060514000000000000001670000000000000000000000000000000000000000000000116899904000130E. F. AURELIA NEGOCIOS E INTERMEDIAÇÃO CRua Liberdade,596                                   06853700Protesto após 5 dias                                        000101
1                   000902692011248461-10182                  0000000000000010182900000000002               0110182     08051400000000500000000000012N060514000000000000001670000000000000000000000000000000000000000000000116811847000196TOLEDO & PEREIRA VASSALO LTDA ME        Rua Santos Pereira,212                              37500026Protesto após 5 dias                                        000102
1                   000902692011248461-10183                  0000000000000010183700000000002               0110183     08051400000000500000000000012N060514000000000000001670000000000000000000000000000000000000000000000116694354000113DOCUMENTOS BRASIL SERVIÇOS E ASSESSORIA Rua Manoel Pereira,540                              13970346Protesto após 5 dias                                        000103
1                   000902692011248461-10184                  0000000000000010184500000000002               0110184     08051400000000500000000000012N060514000000000000001670000000000000000000000000000000000000000000000116945793000151JLM INTERMEDIAÇÃO CARTORÁRIA LTDA       Av. Tiradentes,618-LJ 03                            36307348Protesto após 5 dias                                        000104
1                   000902692011248461-10185                  0000000000000010185300000000002               0110185     08051400000001750000000000012N060514000000000000005830000000000000000000000000000000000000000000000116927836000176C. M. MILROT CONSULTORIA E INTERMEDIAÇÃOAv. Paulista,2001-19º andar | Conjuntos             01311300Protesto após 5 dias                                        000105
1                   000902692011248461-10186                  0000000000000010186100000000002               0110186     08051400000000500000000000012N060514000000000000001670000000000000000000000000000000000000000000000116935668000160FLASH DOC INTERMEDIAÇÕES CARTORARIAS    Av. Caetano Barrela,209                             06763460Protesto após 5 dias                                        000106
1                   000902692011248461-10187                  0000000000000010187P00000000002               0110187     08051400000000500000000000012N060514000000000000001670000000000000000000000000000000000000000000000116964316000133CAMARGO & ESTRACINE INTERMEDIAÇÃO CARTORRua Miguel Anselmo,260                              15900000Protesto após 5 dias                                        000107
1                   000902692011248461-10188                  0000000000000010188800000000002               0110188     08051400000001200000000000012N060514000000000000004000000000000000000000000000000000000000000000000117829100000128JS & BOIM INTERMEDIAÇÃO CARTORÁRIA LTDA Rua Tabatinguera,140-SL 409 e 410                   01020000Protesto após 5 dias                                        000108
1                   000902692011248461-10189                  0000000000000010189600000000002               0110189     08051400000000500000000000012N060514000000000000001670000000000000000000000000000000000000000000000116729531000150GOMES VERAS INTERMEDIAÇÃO CARTORÁRIA LTDRua Maranhão,763-Sala 17 R                          65901590Protesto após 5 dias                                        000109
1                   000902692011248461-10190                  0000000000000010190P00000000002               0110190     08051400000001000000000000012N060514000000000000003330000000000000000000000000000000000000000000000116970183000108NR INTERMEDIAÇÃO CARTORÁRIA LTDA        Av. Dom Luis,500-Piso L0, Loja 38, Shopp            60160230Protesto após 5 dias                                        000110
1                   000902692011248461-10191                  0000000000000010191800000000002               0110191     08051400000000500000000000012N060514000000000000001670000000000000000000000000000000000000000000000117103695000210Vale Rio - Intermediação Cartorária LtdaRua do Paraíso,97-SL 29                             48903050Protesto após 5 dias                                        000111
1                   000902692011248461-10192                  0000000000000010192600000000002               0110192     08051400000000500000000000012N060514000000000000001670000000000000000000000000000000000000000000000117103695000130VALE RIO - INTERMEDIAÇÃO CARTORÁRIA LTDAPraça Pio XII,290-2º Andar, SL 01                   56304430Protesto após 5 dias                                        000112
1                   000902692011248461-10193                  0000000000000010193400000000002               0110193     08051400000000500000000000012N060514000000000000001670000000000000000000000000000000000000000000000117488037000103LG INTERMEDIAÇÃO CARTORÁRIA LTDA ME     Rua Rafael Nascimento,300 C                         75901290Protesto após 5 dias                                        000113
1                   000902692011248461-10194                  0000000000000010194200000000002               0110194     08051400000001000000000000012N060514000000000000003330000000000000000000000000000000000000000000000117197147000116POSTCAR INTERMEDIAÇÃO CARTORÁRIA LTDA   Rua Amaro Genari,40-Sala 33                         09810270Protesto após 5 dias                                        000114
1                   000902692011248461-10195                  0000000000000010195000000000002               0110195     08051400000000500000000000012N060514000000000000001670000000000000000000000000000000000000000000000117216619000130F E M INTERMEDIAÇÃO CARTORARIA LTDA ME  Av. Dom Pedro II,135-Sala 22                        37470000Protesto após 5 dias                                        000115
1                   000902692011248461-10196                  0000000000000010196900000000002               0110196     08051400000000500000000000012N060514000000000000001670000000000000000000000000000000000000000000000118294473000104VIEIRA E SCORALICK LTDA                 Rua Getúlio Vargas,53                               34800000Protesto após 5 dias                                        000116
1                   000902692011248461-10197                  0000000000000010197700000000002               0110197     08051400000000500000000000012N060514000000000000001670000000000000000000000000000000000000000000000118325368000195FERREIRA CAMPOS CONSULTORIA E INTERMEDIARua Joaquim Manuel,248                              46430000Protesto após 5 dias                                        000117
1                   000902692011248461-10198                  0000000000000010198500000000002               0110198     08051400000001500000000000012N060514000000000000005000000000000000000000000000000000000000000000000117234137000103Postal Services - Assessoria e Serviços Pç das Orquideas,186-SL 04 | 1º Andar               06453002Protesto após 5 dias                                        000118
1                   000902692011248461-10199                  0000000000000010199300000000002               0110199     08051400000000500000000000012N060514000000000000001670000000000000000000000000000000000000000000000117292398000180DOTTON INTERMEDIACAO CARTORARIA LTDA - MRua Senador Fláquer,241-Conjunto 09                 09010160Protesto após 5 dias                                        000119
1                   000902692011248461-10200                  0000000000000010200000000000002               0110200     08051400000000500000000000012N060514000000000000001670000000000000000000000000000000000000000000000117344439000134Carneiro e Santana Intermediação CartoráRua Brasil,210-SALA A                               19800100Protesto após 5 dias                                        000120
1                   000902692011248461-10201                  0000000000000010201900000000002               0110201     08051400000001000000000000012N060514000000000000003330000000000000000000000000000000000000000000000118103169000132AHEAD ASSESSORIA E CONSULTORIA EM INTERMRua Fernando Falcão,913                             03180002Protesto após 5 dias                                        000121
1                   000902692011248461-10202                  0000000000000010202700000000002               0110202     08051400000000500000000000012N060514000000000000001670000000000000000000000000000000000000000000000117474125000156MAGAVIX INTERMEDIAÇÃO E LOGISTICA DE DISRua Amapá,1777                                      87704070Protesto após 5 dias                                        000122
1                   000902692011248461-10203                  0000000000000010203500000000002               0110203     08051400000000500000000000012N060514000000000000001670000000000000000000000000000000000000000000000118726605000120OLIVEIRA CECHET INTERMEDIAÇÃO CARTORÁRIARua Cleriston Andrade,132-QD 23 LT 03 SL            47850000Protesto após 5 dias                                        000123
1                   000902692011248461-10204                  0000000000000010204300000000002               0110204     08051400000001000000000000012N060514000000000000003330000000000000000000000000000000000000000000000109532074000143OTTIMIZA ASSESSORIA CARTORARIA LTDA - MERua Raimundo Chaves,1584                            59064390Protesto após 5 dias                                        000124
1                   000902692011248461-10205                  0000000000000010205100000000002               0110205     08051400000000500000000000012N060514000000000000001670000000000000000000000000000000000000000000000118527392000107CARGER PRESTAÇÃO DE SERVIÇOS LTDA - ME  Av. Brasília,2018-SL 05                             33105492Protesto após 5 dias                                        000125
1                   000902692011248461-10206                  0000000000000010206P00000000002               0110206     08051400000000500000000000012N060514000000000000001670000000000000000000000000000000000000000000000117497344000150VAP POSTAL INTERMEDIAÇÃO CARTORÁRIA LTDARua Teodorico Tourinho,304                          39800010Protesto após 5 dias                                        000126
1                   000902692011248461-10207                  0000000000000010207800000000002               0110207     08051400000000500000000000012N060514000000000000001670000000000000000000000000000000000000000000000113622593000170Moraes & Vessoni Serv. e Ass. CartorariaRua Paraná,629                                      19900021Protesto após 5 dias                                        000127
1                   000902692011248461-10208                  0000000000000010208600000000002               0110208     08051400000000500000000000012N060514000000000000001670000000000000000000000000000000000000000000000117605176000170CARIRI INTERMEDIACAO CARTORARIA LTDA - MRua Delmiro Gouveia,51                              63010075Protesto após 5 dias                                        000128
1                   000902692011248461-10209                  0000000000000010209400000000002               0110209     08051400000000500000000000012N060514000000000000001670000000000000000000000000000000000000000000000117736384000108JANAINA FERREIRA DE TOLEDO PEREIRA      Rua Vanor Junqueira Franco,300-Fundos               14701010Protesto após 5 dias                                        000129
1                   000902692011248461-10210                  0000000000000010210800000000002               0110210     08051400000000500000000000012N060514000000000000001670000000000000000000000000000000000000000000000117880167000197AGUIA INTERMEDIAÇÃO CARTORARIA LTDA - MERua Voluntários da Pátria,524                       02010000Protesto após 5 dias                                        000130
1                   000902692011248461-10211                  0000000000000010211600000000002               0110211     08051400000000500000000000012N060514000000000000001670000000000000000000000000000000000000000000000117966691000185GERENCIAMENTO DE CERTIDOES E DOCUMENTOS Rua Cincinato Pinto,297-SL 105                      57020670Protesto após 5 dias                                        000131
1                   000902692011248461-10212                  0000000000000010212400000000002               0110212     08051400000000250000000000012N060514000000000000000830000000000000000000000000000000000000000000000117882102000180JK INTERMEDIAÇÕES CARTORÁRIAS           Av. Francisco Monteiro,95                           09400310Protesto após 5 dias                                        000132
1                   000902692011248461-10213                  0000000000000010213200000000002               0110213     08051400000000500000000000012N060514000000000000001670000000000000000000000000000000000000000000000118268113000138LINS E SILVA INTERMEDIAÇÕES CARTORÁRIAS Rua Visconde de Campo Alegre,149-1º Anda            54505370Protesto após 5 dias                                        000133
1                   000902692011248461-10214                  0000000000000010214000000000002               0110214     08051400000000400000000000012N060514000000000000001330000000000000000000000000000000000000000000000116456499000267FILADELFIA CARTORÁRIOS E DOCUMENTAIS    Rua Antônio Teles de Menezes,41-SL 407              25520630Protesto após 5 dias                                        000134
1                   000902692011248461-10215                  0000000000000010215900000000002               0110215     08051400000001000000000000012N060514000000000000003330000000000000000000000000000000000000000000000115417430000180AME - AMOEDO MEDRADO EMPREENDIMENTOS LTDPç. João Barbosa Carvalho,58                        44001144Protesto após 5 dias                                        000135
1                   000902692011248461-10216                  0000000000000010216700000000002               0110216     08051400000001000000000000012N060514000000000000003330000000000000000000000000000000000000000000000114501933000177ROBERTO MACEDO DE ALBUQUERQUE ME        Rua Alameda Antofagasta,77-SL 301                   97050660Protesto após 5 dias                                        000136
1                   000902692011248461-10217                  0000000000000010217500000000002               0110217     08051400000001500000000000012N060514000000000000005000000000000000000000000000000000000000000000000118133083000152MALTAURO BEZERRA CONSULTORIA E INTERMEDIAv. Tancredo Neves,1485-LJ 01                       41820021Protesto após 5 dias                                        000137
1                   000902692011248461-10218                  0000000000000010218300000000002               0110218     08051400000001750000000000012N060514000000000000005830000000000000000000000000000000000000000000000118384480000105INTERMEDIAÇÃO CARTORÁRIA INTERLAGOS LTDAAv. Nossa Senhora do Sabará,1687                    04685004Protesto após 5 dias                                        000138
1                   000902692011248461-10219                  0000000000000010219100000000002               0110219     08051400000000500000000000012N060514000000000000001670000000000000000000000000000000000000000000000117961015000119ADALBERTO ROCHA THOBIAS - ME            Av. Paulista,259-Oeste                              17280000Protesto após 5 dias                                        000139
1                   000902692011248461-10220                  0000000000000010220500000000002               0110220     08051400000000500000000000012N060514000000000000001670000000000000000000000000000000000000000000000118117942000110Rocha Orçai Intermediação Cartorária LtdRua dos Leites,69-Sala 118, Galeria Pôr             28470000Protesto após 5 dias                                        000140
1                   000902692011248461-10221                  0000000000000010221300000000002               0110221     08051400000000500000000000012N060514000000000000001670000000000000000000000000000000000000000000000118840724000109RM SERVIÇOS DE INTERMEDIAÇÃO CARTORÁRIA Av. Getúlio Vargas,44                               48601260Protesto após 5 dias                                        000141
1                   000902692011248461-10222                  0000000000000010222100000000002               0110222     08051400000001500000000000012N060514000000000000005000000000000000000000000000000000000000000000000118379292000180DOCUMENTUM BRASILIA LTDA - ME           CLN 316-BL E, LJ 06                                 70775550Protesto após 5 dias                                        000142
1                   000902692011248461-10223                  0000000000000010223P00000000002               0110223     08051400000001000000000000012N060514000000000000003330000000000000000000000000000000000000000000000115007025000194FV Representação Comercial LTDA         Alameda Abricó,1856-LJ 03                           28890254Protesto após 5 dias                                        000143
1                   000902692011248461-10224                  0000000000000010224800000000002               0110224     08051400000000500000000000012N060514000000000000001670000000000000000000000000000000000000000000000118254685000168CASTELO BRANCO - INTERMEDIAÇÃO CARTÓRARIRua do Sol,382-Loja 06 - Centro Empresar            65300000Protesto após 5 dias                                        000144
1                   000902692011248461-10225                  0000000000000010225600000000002               0110225     08051400000000500000000000012N060514000000000000001670000000000000000000000000000000000000000000000118354262000110BOFF E MULLER INTERMEDIAÇÃO CARTORÁRIA LAv. Júlio de Castilhos,1340-SL 05 - Cent            95010003Protesto após 5 dias                                        000145
1                   000902692011248461-10226                  0000000000000010226400000000002               0110226     08051400000000500000000000012N060514000000000000001670000000000000000000000000000000000000000000000118596649000182LHL SERVIÇOS ADMINISTRATIVOS E INTERMEDIRua Assembléia de Deus,39-SL 411                    11500040Protesto após 5 dias                                        000146
1                   000902692011248461-10227                  0000000000000010227200000000002               0110227     08051400000001500000000000012N060514000000000000005000000000000000000000000000000000000000000000000118354041000141By Trade Intermediação Cartorária LTDA  Rua Pinto de Figueiredo,55-SL 605                   20511240Protesto após 5 dias                                        000147
1                   000902692011248461-10228                  0000000000000010228000000000002               0110228     16051400000000150000000000012N060514120000000000000500000000000000000000000000000000000000000000000100017683448842LUIS MARTINS NETTO                      Rua Júlio Ribeiro,243-LOJA 224                      03010030                                                            000148
1                   000902692011248461-10229                  0000000000000010229900000000002               0110229     16051400000000352000000000012N060514120000000000001170000000000000000000000000000000000000000000000262232889000190Banco Daycoval S/A                      Avenida Paulista ,1793-02º Andar                    01311200                                                            000149
1                   000902692011248461-10230                  0000000000000010230200000000002               0110230     16051400000000576600000000012N060514120000000000001920000000000000000000000000000000000000000000000200360305063700104 Caixa Econômica Federal             AV: Rui Barbosa, ,281/287                           06311000                                                            000150
1                   000902692011248461-10231                  0000000000000010231000000000002               0110231     24051400000015000000000000012N060514000000000000000000000000000000000000000000000000000000000000000100027209662820CARLOS EDUARDO RAYMUNDO                 Rua Sophia Pimentel de Lima, 50                     15910000Taxa de Franquia - Monte Alto/SP 2ª Parc.                   000151
1                   000902692011248461-10232                  0000000000000010232900000000002               0110232     16051400000000326100000000012N060514000000000000001090000000000000000000000000000000000000000000000262232889000190Banco Daycoval S/A                      Avenida Paulista , 1793 02º Andar                   01311200                                                            000152
1                   000902692011248461-10233                  0000000000000010233700000000002               0110233     26051400000000779630000000012N060514120000000000002600000000000000000000000000000000000000000000000211837131000144PDG SP 2 INCORPORAÇÕES SPE LTDA         Avenida Paulista,1374-13º e 14º andar               01310100                                                            000153
1                   000902692011248461-10234                  0000000000000010234500000000002               0110234     08051400000000500000000000012N060514000000000000001670000000000000000000000000000000000000000000000119289512000148P W INTERMEDIAÇÃO CARTORÁRIA LTDA       Rua Bonaire,312                                     65930000Protesto após 5 dias                                        000154
1                   000902692011248461-10235                  0000000000000010235300000000002               0110235     08051400000001000000000000012N060514000000000000003330000000000000000000000000000000000000000000000118758648000197CASANOVA E CAL INTERMEDIAÇÃO CARTORÁRIA Rua Osvaldo Cruz,372-LJ 106                         41940000Protesto após 5 dias                                        000155
1                   000902692011248461-10236                  0000000000000010236100000000002               0110236     08051400000000500000000000012N060514000000000000001670000000000000000000000000000000000000000000000118607091000193ROBERTA CORREA BUENO GOLO ME            Praça 9 de Julho,123                                13960000Protesto após 5 dias                                        000156
1                   000902692011248461-10237                  0000000000000010237P00000000002               0110237     08051400000000500000000000012N060514000000000000001670000000000000000000000000000000000000000000000103781158000134DESTRO & CABRAL INTERMEDIAÇÃO CARTORÁRIAAv. da Saudade,246                                  14840000Protesto após 5 dias                                        000157
1                   000902692011248461-10238                  0000000000000010238800000000002               0110238     08051400000000500000000000012N060514000000000000001670000000000000000000000000000000000000000000000118465701000161SANDRA RODRIGUES DE JESUS - EIRELI - ME Rua Tito Fulgêncio,164-SL 106, Galeria C            38500000Protesto após 5 dias                                        000158
1                   000902692011248461-10239                  0000000000000010239600000000002               0110239     08051400000000500000000000012N060514000000000000001670000000000000000000000000000000000000000000000118950650000163NOVA ERA INTERMEDIAÇÃO CARTORARIA LTDA -Av. Rui Barbosa,72-SL 13                            11740970Protesto após 5 dias                                        000159
1                   000902692011248461-10240                  0000000000000010240P00000000002               0110240     08051400000000500000000000012N060514000000000000001670000000000000000000000000000000000000000000000118536552000184CAMPOS DO JORDAO INTERMEDIACAO CARTORARIRua Brigadeiro Jordão,636                           12460000Protesto após 5 dias                                        000160
1                   000902692011248461-10241                  0000000000000010241800000000002               0110241     08051400000000400000000000012N060514000000000000001330000000000000000000000000000000000000000000000118758564000153M & M INTERMEDIAÇÃO CARTORÁRIA LTDA - MERua Dom Luis Felipe de Orleans,1177                 02118001Protesto após 5 dias                                        000161
1                   000902692011248461-10242                  0000000000000010242600000000002               0110242     08051400000001000000000000012N060514000000000000003330000000000000000000000000000000000000000000000119166528000163ESANNF â€“ SERVIÃ‡OS DE APOIO AS EMPRESARua do Arroz,90-SL 451                              21011070Protesto após 5 dias                                        000162
1                   000902692011248461-10243                  0000000000000010243400000000002               0110243     08051400000000350000000000012N060514000000000000001170000000000000000000000000000000000000000000000118717359000140FAVARO INTERMEDIAÇÃO CARTORÁRIA LTDA -MEAv. Cinco,300                                       14620000Protesto após 5 dias                                        000163
1                   000902692011248461-10244                  0000000000000010244200000000002               0110244     08051400000001000000000000012N060514000000000000003330000000000000000000000000000000000000000000000118592122000180JET-POST INTERMEDIAÇÃO CARTORÁRIA LTDA -Av. Santo Amaro,1198                                04506001Protesto após 5 dias                                        000164
1                   000902692011248461-10245                  0000000000000010245000000000002               0110245     08051400000000500000000000012N060514000000000000001670000000000000000000000000000000000000000000000118995227000180MM SERVIÇO DE INTERMEDIAÇÃO DE NEGOCIO LAv. Coumbiara,4489                                  76940000Protesto após 5 dias                                        000165
1                   000902692011248461-10246                  0000000000000010246900000000002               0110246     08051400000000500000000000012N060514000000000000001670000000000000000000000000000000000000000000000119204476000172ICSF - INTERMEDIAÇÃO CARTORARIA SAPONARARua Sebastião Silvestre Neves,279-LJ 28             11600000Protesto após 5 dias                                        000166
1                   000902692011248461-10247                  0000000000000010247700000000002               0110247     08051400000000500000000000012N060514000000000000001670000000000000000000000000000000000000000000000114445177000106Bruce Costa Vilafranca - ME             Rua Paschoal Gianfrancesco,60-Salão 10              13224700Protesto após 5 dias                                        000167
1                   000902692011248461-10248                  0000000000000010248500000000002               0110248     08051400000000500000000000012N060514000000000000001670000000000000000000000000000000000000000000000118917837000165VALE FV - INTERMEDIACAO CARTORARIA LTDA Rua Bernardino de Campos,44-SL 26/27, 1º            12308010Protesto após 5 dias                                        000168
1                   000902692011248461-10249                  0000000000000010249300000000002               0110249     08051400000000500000000000012N060514000000000000001670000000000000000000000000000000000000000000000119044805000165RB CONSULTORIA E ASSESSORIA EIRELI      Rua Eliseu Guilherme,724                            14025020Protesto após 5 dias                                        000169
1                   000902692011248461-10250                  0000000000000010250700000000002               0110250     08051400000000500000000000012N060514000000000000001670000000000000000000000000000000000000000000000119137241000105OLIVEIRA E VALDEZ INTERMEDIAÇÕES CARTORÁAlameda Doutor Carlos de Carvalho,655-LJ            80430180Protesto após 5 dias                                        000170
1                   000902692011248461-10251                  0000000000000010251500000000002               0110251     08051400000001000000000000012N060514000000000000003330000000000000000000000000000000000000000000000116990226000117E. ROFELD SERVIÇOS ADMINISTRATIVOS ME   Av. Angélica,1814-CJ 606                            01228200Protesto após 5 dias                                        000171
1                   000902692011248461-10252                  0000000000000010252300000000002               0110252     08051400000001000000000000012N060514000000000000003330000000000000000000000000000000000000000000000113031763000141QUALY SERVIÇOS CARTORÁRIOS LTDA         Est. do Gabinal,313-LJ 215-216                      22760151Protesto após 5 dias                                        000172
1                   000902692011248461-10253                  0000000000000010253100000000002               0110253     08051400000000500000000000012N060514000000000000001670000000000000000000000000000000000000000000000119219421000136OK INTERMEDIAÇAO CARTORARIA LTDA        Rua Jeronimo Coelho,140-SL 04                       89201205Protesto após 5 dias                                        000173
1                   000902692011248461-10254                  0000000000000010254P00000000002               0110254     08051400000001000000000000012N060514000000000000003330000000000000000000000000000000000000000000000119344677000175Fontenelle, Viana & Santos IntermediaçãoRua Conde de Bonfim,310-Subsolo - LJ G              20520054Protesto após 5 dias                                        000174
1                   000902692011248461-10255                  0000000000000010255800000000002               0110255     08051400000000500000000000012N060514000000000000001670000000000000000000000000000000000000000000000119156294000173SIMPLES E ASSIM INTERMEDIAÇÃO CARTORÁRIARua Visconde do Rio Branco,824                      18602000Protesto após 5 dias                                        000175
1                   000902692011248461-10256                  0000000000000010256600000000002               0110256     08051400000000500000000000012N060514000000000000001670000000000000000000000000000000000000000000000119152213000167MAIS FACIL INTERMEDIAÇÃO CARTORARIA     Av. Cel. Manoel Inocêncio,631-LJ 17                 12281010Protesto após 5 dias                                        000176
1                   000902692011248461-10257                  0000000000000010257400000000002               0110257     08051400000000500000000000012N060514000000000000001670000000000000000000000000000000000000000000000119571061000137KAIROS PRESTAÇÃO DE SERVIÇOS E INTERMEDIRua T,02-QD 02, Lote 09, Sala 08                    77064566Protesto após 5 dias                                        000177
1                   000902692011248461-10258                  0000000000000010258200000000002               0110258     08051400000000500000000000012N060514000000000000001670000000000000000000000000000000000000000000000117909648000188CAME - CACIM AMOEDO MEDRADO EMPREENDIMENRua Francisco Drumond,36 A                          42800500Protesto após 5 dias                                        000178
1                   000902692011248461-10259                  0000000000000010259000000000002               0110259     08051400000000500000000000012N060514000000000000001670000000000000000000000000000000000000000000000119376967000109INOVAÇÃO SERVIÇOS DE APOIO ADMINISTRATIVRua Coronel João Urbano,85                          37002350Protesto após 5 dias                                        000179
1                   000902692011248461-10260                  0000000000000010260400000000002               0110260     08051400000000500000000000012N060514000000000000001670000000000000000000000000000000000000000000000118939109000154J.B. NASCIMENTO INTERMEDIAÇÃO CARTORARIARua Pará,3222                                       15502236Protesto após 5 dias                                        000180
1                   000902692011248461-10261                  0000000000000010261200000000002               0110261     08051400000001000000000000012N060514000000000000003330000000000000000000000000000000000000000000000119353380000176RODOPOSTALLE SERVICOS CARTORARIOS LTDA -Rua Flores do Piauí,99-SL 03, 1º Andar              08210200Protesto após 5 dias                                        000181
1                   000902692011248461-10262                  0000000000000010262000000000002               0110262     08051400000000500000000000012N060514000000000000001670000000000000000000000000000000000000000000000119079601000160M & E INTERMEDIAÇÃO CARTORÁRIA LTDA - MERua João Cesar de Oliveira,2295-SL 101,             32315000Protesto após 5 dias                                        000182
1                   000902692011248461-10263                  0000000000000010263900000000002               0110263     08051400000000500000000000012N060514000000000000001670000000000000000000000000000000000000000000000119054315000140FERNANDA MUNDOSTOCK RAYMUNDO EPP        Av. José de Alencar,729                             90880481Protesto após 5 dias                                        000183
1                   000902692011248461-10264                  0000000000000010264700000000002               0110264     08051400000001000000000000012N060514000000000000003330000000000000000000000000000000000000000000000119451478000166MELLO 7 LEBLON SERVIÇOS DE DESPACHANTES Av. Ataúfo de Paiva,1174-SL 05                      22440035Protesto após 5 dias                                        000184
1                   000902692011248461-10265                  0000000000000010265500000000002               0110265     08051400000001000000000000012N060514000000000000003330000000000000000000000000000000000000000000000119667269000154ANDRADE CONSULTORIA E INTERMEDIAÇÃO CARTAv. Dantas Barreto,1030-5ºAndar, Edf. Sa            50020000Protesto após 5 dias                                        000185
1                   000902692011248461-10266                  0000000000000010266300000000002               0110266     08051400000001000000000000012N060514000000000000003330000000000000000000000000000000000000000000000110329307000194MCDI INTERMEDIAÇÕES CARTORÁRIAS LTDA - MRua Sargento João Lopes,263                         21931420Protesto após 5 dias                                        000186
1                   000902692011248461-10267                  0000000000000010267100000000002               0110267     08051400000000500000000000012N060514000000000000001670000000000000000000000000000000000000000000000108490584000132M.C. RABHA SERVIÇOS ADMINISTRATIVOS     Rua da Conceição,132-SL 201                         23900435Protesto após 5 dias                                        000187
1                   000902692011248461-10268                  0000000000000010268P00000000002               0110268     08051400000001000000000000012N060514000000000000003330000000000000000000000000000000000000000000000119533129000193ATS - ALTRAN SERVICOS EMPRESARIAIS LTDA Av. Conselheiro Carrão,2300-CJ 91                   03403001Protesto após 5 dias                                        000188
1                   000902692011248461-10269                  0000000000000010269800000000002               0110269     10051400000000750000000000012N060514060500000000000000000000000000000000000000000000000000000000000214142222000153Araujo Oliveira Assessoria Cartoraria LTAv. Radial B, 60 Loja 02                            42807380Negociação de Royalties                                     000189
1                   000902692011248461-10270                  0000000000000010270100000000002               0110270     10061400000000750000000000012N060514060500000000000000000000000000000000000000000000000000000000000214142222000153Araujo Oliveira Assessoria Cartoraria LTAv. Radial B, 60 Loja 02                            42807380Negociação de Royalties                                     000190
1                   000902692011248461-10271                  0000000000000010271P00000000002               0110271     10071400000000750000000000012N060514060500000000000000000000000000000000000000000000000000000000000214142222000153Araujo Oliveira Assessoria Cartoraria LTAv. Radial B, 60 Loja 02                            42807380Negociação de Royalties                                     000191
1                   000902692011248461-10272                  0000000000000010272800000000002               0110272     10081400000000750000000000012N060514060500000000000000000000000000000000000000000000000000000000000214142222000153Araujo Oliveira Assessoria Cartoraria LTAv. Radial B, 60 Loja 02                            42807380Negociação de Royalties                                     000192
1                   000902692011248461-10273                  0000000000000010273600000000002               0110273     10091400000000750000000000012N060514060500000000000000000000000000000000000000000000000000000000000214142222000153Araujo Oliveira Assessoria Cartoraria LTAv. Radial B, 60 Loja 02                            42807380Negociação de Royalties                                     000193
1                   000902692011248461-10274                  0000000000000010274400000000002               0110274     10101400000000750000000000012N060514060500000000000000000000000000000000000000000000000000000000000214142222000153Araujo Oliveira Assessoria Cartoraria LTAv. Radial B, 60 Loja 02                            42807380Negociação de Royalties                                     000194
1                   000902692011248461-10275                  0000000000000010275200000000002               0110275     20051400000000200000000000012N060514060500000000000000000000000000000000000000000000000000000000000218325368000195FERREIRA CAMPOS CONSULTORIA E INTERMEDIARua Joaquim Manuel, 248                             46430000Negociação de Royalties                                     000195
1                   000902692011248461-10276                  0000000000000010276000000000002               0110276     20061400000000200000000000012N060514060500000000000000000000000000000000000000000000000000000000000218325368000195FERREIRA CAMPOS CONSULTORIA E INTERMEDIARua Joaquim Manuel, 248                             46430000Negociação de Royalties                                     000196
1                   000902692011248461-10277                  0000000000000010277900000000002               0110277     20071400000000200000000000012N060514060500000000000000000000000000000000000000000000000000000000000218325368000195FERREIRA CAMPOS CONSULTORIA E INTERMEDIARua Joaquim Manuel, 248                             46430000Negociação de Royalties                                     000197
1                   000902692011248461-10278                  0000000000000010278700000000002               0110278     20081400000000200000000000012N060514060500000000000000000000000000000000000000000000000000000000000218325368000195FERREIRA CAMPOS CONSULTORIA E INTERMEDIARua Joaquim Manuel, 248                             46430000Negociação de Royalties                                     000198
1                   000902692011248461-10279                  0000000000000010279500000000002               0110279     20091400000000200000000000012N060514060500000000000000000000000000000000000000000000000000000000000218325368000195FERREIRA CAMPOS CONSULTORIA E INTERMEDIARua Joaquim Manuel, 248                             46430000Negociação de Royalties                                     000199
1                   000902692011248461-10280                  0000000000000010280900000000002               0110280     16051400000000240000000000012N060514120000000000000800000000000000000000000000000000000000000000000212721508000168IBRAHIM EL TURK PLANEJADOS              Avenida Águia de Haia - até 3301/3302,13            03694000                                                            000200
1                   000902692011248461-10281                  0000000000000010281700000000002               0110281     16051400000000180000000000012N060514120000000000000600000000000000000000000000000000000000000000000201190978000126ITALIA COMERCIAL TEXTIL LTDA ME         Rua Barão de Itapetininga ,298-04º Andar            01042001                                                            000201
1                   000902692011248461-10282                  0000000000000010282500000000002               0110282     16051400000000060000000000012N060514120000000000000200000000000000000000000000000000000000000000000260746948224061237 Banco Bradesco S.A.                 Estrada do M´Boi Mirim,553                          04905020                                                            000202
1                   000902692011248461-10283                  0000000000000010283300000000002               0110283     06061400000009000000000000012N060514000000000000000000000000000000000000000000000000000000000000000100076289583972MARCOS PAULO LANZNASTER                 rua 3618, 55 AP. 101                                88330000Taxa de Franquia - Balneário Camboriú/SC 2ª parcela         000203
9                                                                                                                                                                                                                                                                                                                                                                                                         000204