01REMESSA01COBRANCA       00000000000004130991SISTEMA DE CARTóRIO CERTIDõES 237BRADESCO       060114        MX0000689                                                                                                                                                                                                                                                                                     000001
1                   000902692011248461-8831                   0000000000000008831800000000002               018831      20011400000117000000000000012N261213000000000000000000000000000000000000000000000000000000000000000100000985205040Roberto Macedo de Albuquerque           Rua Dr Pantaleão, 197 Apto. 104                     97010180Taxa de Franquia - Santa Maria/RS                           000002
1                   000902692011248461-8832                   0000000000000008832600000000002               018832      23011400000006700000000000012N261213000000000000000000000000000000000000000000000000000000000000000100010360750796CATARINE GOMES LOPES                    Av. Engenheiro Gastão Rangel, 995                   23550393Taxa de Franquia - Pedra de Guaratiba/RJ 2ª Parcela         000003
1                   000902692011248461-8833                   0000000000000008833400000000002               018833      23021400000006650000000000012N261213000000000000000000000000000000000000000000000000000000000000000100010360750796CATARINE GOMES LOPES                    Av. Engenheiro Gastão Rangel, 995                   23550393Taxa de Franquia - Pedra de Guaratiba/RJ 3ª Parcela         000004
1                   000902692011248461-8834                   0000000000000008834200000000002               018834      23031400000006650000000000012N261213000000000000000000000000000000000000000000000000000000000000000100010360750796CATARINE GOMES LOPES                    Av. Engenheiro Gastão Rangel, 995                   23550393Taxa de Franquia - Pedra de Guaratiba/RJ 4ª Parcela         000005
1                   000902692011248461-8835                   0000000000000008835000000000002               018835      06011400000000564000000000012N271213120000000000001880000000000000000000000000000000000000000000000216587135000135SBA Torres Brasil, Limitada             Alameda Madeira,222-15º andar                       06454010                                                            000006
1                   000902692011248461-8836                   0000000000000008836900000000002               018836      06011400000002462500000000012N271213120000000000008210000000000000000000000000000000000000000000000260911864000197Comax Assessoria Empresarial Ltda       Rua São Bento,365                                   01011100                                                            000007
1                   000902692011248461-8837                   0000000000000008837700000000002               018837      06011400000000965400000000012N271213120000000000003220000000000000000000000000000000000000000000000262232889000190Banco Daycoval S/A                      Avenida Paulista ,1793-02º Andar                    01311200                                                            000008
1                   000902692011248461-8838                   0000000000000008838500000000002               018838      13011400000000176000000000012N030114120000000000000590000000000000000000000000000000000000000000000262232889000190Banco Daycoval S/A                      Avenida Paulista ,1793-02º Andar                    01311200                                                            000009
1                   000902692011248461-8839                   0000000000000008839300000000002               018839      13011400000000172000000000012N030114120000000000000570000000000000000000000000000000000000000000000262232889000190Banco Daycoval S/A                      Avenida Paulista ,1793-02º Andar                    01311200                                                            000010
1                   000902692011248461-8840                   0000000000000008840700000000002               018840      13011400000000352000000000012N030114120000000000001170000000000000000000000000000000000000000000000262232889000190Banco Daycoval S/A                      Avenida Paulista ,1793-02º Andar                    01311200                                                            000011
1                   000902692011248461-8841                   0000000000000008841500000000002               018841      13011400000000242000000000012N030114120000000000000810000000000000000000000000000000000000000000000262232889000190Banco Daycoval S/A                      Avenida Paulista ,1793-02º Andar                    01311200                                                            000012
1                   000902692011248461-8842                   0000000000000008842300000000002               018842      13011400000000164060000000012N030114120000000000000550000000000000000000000000000000000000000000000100017683448842LUIS MARTINS NETTO                      Rua Júlio Ribeiro,243-LOJA 224                      03010030                                                            000013
1                   000902692011248461-8843                   0000000000000008843100000000002               018843      13011400000000190000000000012N0301141200000000000006300000000000000000000000000000000000000000000002904008882386372027 Banco Santander                    Avenida Brigadeiro Faria Lima ,2006                 01451000                                                            000014
1                   000902692011248461-8844                   0000000000000008844P00000000002               018844      13011400000000160000000000012N030114120000000000000530000000000000000000000000000000000000000000000234117192000132Federação Brasileira das ACMs           Rua Nestor Pestana,125-8º andar - CJ. 83            01303010                                                            000015
1                   000902692011248461-8845                   0000000000000008845800000000002               018845      27011400000000963130000000012N060114120000000000003210000000000000000000000000000000000000000000000207273982000134PEREIRA BARRETO EMPREENDIMENTOS IMOBILIAAvenida Paulista,1374-13º e 14º andar               01310100                                                            000016
1                   000902692011248461-8846                   0000000000000008846600000000002               018846      27011400000000146600000000012N060114120000000000000490000000000000000000000000000000000000000000000208528163000153PEREIRA BARRETO EMPREENDIMENTOS IMOBILIAAvenida Paulista,1374-13º e 14º andar               01310100                                                            000017
1                   000902692011248461-8847                   0000000000000008847400000000002               018847      27011400000000112000000000012N060114120000000000000370000000000000000000000000000000000000000000000208669569000156DRACO INCORPORADORA LTDA                Avenida Paulista,1374-13º e 14º andar               01310100                                                            000018
1                   000902692011248461-8848                   0000000000000008848200000000002               018848      27011400000000112000000000012N060114120000000000000370000000000000000000000000000000000000000000000211837146000102PDG SP 4 INCORPORAÇÕES SPE LTDA         Avenida Paulista,1374-13º e 14º andar               01310100                                                            000019
1                   000902692011248461-8849                   0000000000000008849000000000002               018849      27011400000000550500000000012N060114120000000000001840000000000000000000000000000000000000000000000207698561000155CONDESSA EMPREENDIMENTOS IMOBILIARIOS LTAvenida Paulista,1374-13º e 14º andar               01310100                                                            000020
1                   000902692011248461-8850                   0000000000000008850400000000002               018850      27011400000000139500000000012N060114120000000000000470000000000000000000000000000000000000000000000211216807000182GOLDFARB 13 EMPREENDIMENTO IMOBILIARIO LAvenida Paulista,1374-13º e 14º andar               01310100                                                            000021
1                   000902692011248461-8851                   0000000000000008851200000000002               018851      27011400000000056000000000012N060114120000000000000190000000000000000000000000000000000000000000000207960724000126WAURA EMPREENDIMENTOS IMOBILIARIOS LTDA Avenida Paulista,1374-13º e 14º andar               01310100                                                            000022
1                   000902692011248461-8852                   0000000000000008852000000000002               018852      27011400000000102500000000012N060114120000000000000340000000000000000000000000000000000000000000000208991529000126GOLD MARILIA EMPREENDIMENTOS IMOBILIARIOAvenida Paulista,1374-13º e 14º andar               01310100                                                            000023
1                   000902692011248461-8853                   0000000000000008853900000000002               018853      27011400000000378600000000012N060114120000000000001260000000000000000000000000000000000000000000000208188603000170ELTANIN INCORPORADORA LTDA              Avenida Paulista,1374-13º e 14º andar               01310100                                                            000024
1                   000902692011248461-8854                   0000000000000008854700000000002               018854      27011400000000142100000000012N060114120000000000000470000000000000000000000000000000000000000000000211686561000102CHL CII INCORPORAÇÕES LTDA              Avenida Paulista,1374-13º e 14º andar               01310100                                                            000025
1                   000902692011248461-8855                   0000000000000008855500000000002               018855      27011400000000146600000000012N060114120000000000000490000000000000000000000000000000000000000000000211837384000118PDG SP 7 INCORPORAÇÕES SPE LTDA         Avenida Paulista,1374-13º e 14º andar               01310100                                                            000026
1                   000902692011248461-8856                   0000000000000008856300000000002               018856      27011400000000429000000000012N060114120000000000001430000000000000000000000000000000000000000000000209665940000174GOLD FOLEGANDROS EMPREENDIMENTOS IMOBILIAvenida Paulista,1374-13º e 14º andar               01310100                                                            000027
1                   000902692011248461-8857                   0000000000000008857100000000002               018857      27011400000000085400000000012N060114120000000000000280000000000000000000000000000000000000000000000208537558000112MAREAS EMPREENDIMENTO IMOBILIARIO SPE LTAvenida Paulista,1374-13º e 14º andar               01310100                                                            000028
1                   000902692011248461-8858                   0000000000000008858P00000000002               018858      27011400000000056000000000012N060114120000000000000190000000000000000000000000000000000000000000000208350881000182SAIPH INCORPORADORA LTDA                Avenida Paulista,1374-13º e 14º andar               01310100                                                            000029
1                   000902692011248461-8859                   0000000000000008859800000000002               018859      27011400000000056000000000012N060114120000000000000190000000000000000000000000000000000000000000000211405508000196GOLDFARB 19 EMPREENDIMENTOS IMOBILIARIOSAvenida Paulista,1374-13º e 14º andar               01310100                                                            000030
1                   000902692011248461-8860                   0000000000000008860100000000002               018860      27011400000000484000000000012N060114120000000000001610000000000000000000000000000000000000000000000211134271000156GOLDFARB 6 EMPREENDIMENTO IMOBILIARIO LTAvenida Paulista,1374-13º e 14º andar               01310100                                                            000031
1                   000902692011248461-8861                   0000000000000008861P00000000002               018861      27011400000000232000000000012N060114120000000000000770000000000000000000000000000000000000000000000208536102000138CONQUISTA EMPREENDIMENTO IMOBILIARIO SPEAvenida Paulista,1374-13º e 14º andar               01310100                                                            000032
1                   000902692011248461-8862                   0000000000000008862800000000002               018862      27011400000000544200000000012N060114120000000000001810000000000000000000000000000000000000000000000208982379000194GOLD ACRE EMPREENDIMENTOS IMOBILIARIOS SAvenida Paulista,1374-13º e 14º andar               01310100                                                            000033
1                   000902692011248461-8863                   0000000000000008863600000000002               018863      27011400000000122400000000012N060114120000000000000410000000000000000000000000000000000000000000000207981917000163AGIN EMPREENDIMENTOS E PARTICIPAÇÕES SPEAvenida Paulista,1374-13º e 14º andar               01310100                                                            000034
1                   000902692011248461-8864                   0000000000000008864400000000002               018864      27011400000000149000000000012N060114120000000000000500000000000000000000000000000000000000000000000208528163000153GOLDFARB SERVIÇOS FINANCEIROS IMOBILIÁRIAvenida Paulista,1374-13º e 14º andar               01310100                                                            000035
1                   000902692011248461-8865                   0000000000000008865200000000002               018865      27011400000000085400000000012N060114120000000000000280000000000000000000000000000000000000000000000208603903000179GOLD SINGAPURA EMPREENDIMENTOS IMOBILIARAvenida Paulista,1374-13º e 14º andar               01310100                                                            000036
1                   000902692011248461-8866                   0000000000000008866000000000002               018866      27011400000000056000000000012N060114120000000000000190000000000000000000000000000000000000000000000210973245000159GOLD GANA EMPREENDIMENTOS IMOBILIARIOS SAvenida Paulista,1374-13º e 14º andar               01310100                                                            000037
1                   000902692011248461-8867                   0000000000000008867900000000002               018867      27011400000000056000000000012N060114120000000000000190000000000000000000000000000000000000000000000209312936000122GOLD BEIGE EMPREENDIMENTOS IMOBILIARIOS Avenida Paulista,1374-13º e 14º andar               01310100                                                            000038
1                   000902692011248461-8868                   0000000000000008868700000000002               018868      27011400000000567500000000012N060114120000000000001890000000000000000000000000000000000000000000000208908797000131GOLD MALI EMPREENDIMENTOS IMOBILIARIOS SAvenida Paulista,1374-13º e 14º andar               01310100                                                            000039
1                   000902692011248461-8869                   0000000000000008869500000000002               018869      27011400000000056000000000012N060114120000000000000190000000000000000000000000000000000000000000000209665940000174GOLD FOLEGANDROS EMPREENDIMENTOS IMOBILIAvenida Paulista,1374-13º e 14º andar               01310100                                                            000040
1                   000902692011248461-8870                   0000000000000008870900000000002               018870      16011400000004692500000000012N060114120000000000015640000000000000000000000000000000000000000000000260911864000197Comax Assessoria Empresarial Ltda       Rua São Bento,365                                   01011100                                                            000041
1                   000902692011248461-8828                   0000000000000008828800000000002               028828      15011400000040000000000000012N231213000000000000000000000000000000000000000000000000000000000000000100022848622415ANTONIO MARCUS TABOZA DA APRESENTAÇÃO   RUA. PEREIRA SIMÕES, 463 – APTO. 401                53030060Taxa de Franquia - Olinda/PE                                000042
1                   000902692011248461-8788                   0000000000000008788500000000002               198788      30121300000004875000000000012N111213060500000000000000000000000000000000000000000000000000000000000212587280000165RTC INTERMEDIAÇÃO CARTORÁRIA LTDA - ME  Rua Montenegro, 171A                                11410040Acordo de Royalties                                         000043
9                                                                                                                                                                                                                                                                                                                                                                                                         000044