01REMESSA01COBRANCA       00000000000004130991SISTEMA DE CARTÛRIO CERTIDıES 237BRADESCO       070114        MX0000690                                                                                                                                                                                                                                                                                     000001
1                   000902692011248461-8871                   0000000000000008871700000000002               018871      08011400000000012000000000012N070114000000000000000040000000000000000000000000000000000000000000000110918131000106PROCART - PROCESSOS CARTORAIS LTDA      Rua Primeiro de Janeiro,35-Sala 101                 35180032Protesto apÛs 5 dias                                        000002
1                   000902692011248461-8872                   0000000000000008872500000000002               018872      08011400000000283870000000012N070114000000000000000950000000000000000000000000000000000000000000000111029315000188SUZAN CART CERTIDOES LTDA - ME          Rua Gal. Francisco GlicÈrio,1185                    08674003Protesto apÛs 5 dias                                        000003
1                   000902692011248461-8873                   0000000000000008873300000000002               018873      08011400000000500000000000012N070114000000000000001670000000000000000000000000000000000000000000000111198466000160GOMES & KUNCEVICIUS LTDA ME             Rua Prisciliana de Castilho,374-Sala 06             11660330Protesto apÛs 5 dias                                        000004
1                   000902692011248461-8874                   0000000000000008874100000000002               018874      08011400000000443000000000012N070114000000000000001480000000000000000000000000000000000000000000000111163439000151RF-SERVICOS DE DOCUMENTACAO LTDA.       Av. Mal. Castelo Branco,173-A                       65076090Protesto apÛs 5 dias                                        000005
1                   000902692011248461-8875                   0000000000000008875P00000000002               018875      08011400000001800000000000012N070114000000000000006000000000000000000000000000000000000000000000000110999668000148ASSESSORIA E CONSULTORIA DE DOCUMENTOS ER. Leopoldo Machado,242-Loja 02                     18035075Protesto apÛs 5 dias                                        000006
1                   000902692011248461-8876                   0000000000000008876800000000002               018876      08011400000001150000000000012N070114000000000000003830000000000000000000000000000000000000000000000111165549000152D¥ VASQUEZ SERVI«OS CARTORARIOS LTDA - EAv. Dr. Jo„o Guilhermino,293                        12210131Protesto apÛs 5 dias                                        000007
1                   000902692011248461-8877                   0000000000000008877600000000002               018877      08011400000000711570000000012N070114000000000000002370000000000000000000000000000000000000000000000111144435000126M&Z DOCUMENTOS CARTOR¡RIOS LTDA         R. da AssemblÈia,10-12∫ Andar SL 1221               20011000Protesto apÛs 5 dias                                        000008
1                   000902692011248461-8878                   0000000000000008878400000000002               018878      08011400000004127430000000012N070114000000000000013760000000000000000000000000000000000000000000000110906064000100MAIA SERVI«OS ADMINISTRATIVOS LTDA      Rua Bernardino de Campos,3180-Loja 04 Ga            15015300Protesto apÛs 5 dias                                        000009
1                   000902692011248461-8879                   0000000000000008879200000000002               018879      08011400000000500000000000012N070114000000000000001670000000000000000000000000000000000000000000000111253279000131¡GAPE SERVI«OS E INTERMEDIA«’ES CARTOR¡RR. Gov. Pedro de Toledo,569                         13400070Protesto apÛs 5 dias                                        000010
1                   000902692011248461-8880                   0000000000000008880600000000002               018880      08011400000001000000000000012N070114000000000000003330000000000000000000000000000000000000000000000106058057000128CTPOST SERVI«OS LTDA ME                 R. Chaves Barcelos,131                              90030120Protesto apÛs 5 dias                                        000011
1                   000902692011248461-8881                   0000000000000008881400000000002               018881      08011400000000004250000000012N070114000000000000000010000000000000000000000000000000000000000000000113238744000190ARCHANJO TEIXEIRA PREPARA«√O DE DOCUMENTAv. Brasil,1586-Loja 06                             30140003Protesto apÛs 5 dias                                        000012
1                   000902692011248461-8882                   0000000000000008882200000000002               018882      08011400000000105700000000012N070114000000000000000350000000000000000000000000000000000000000000000112761154000185MC PRESTADORA DE SERVI«OS ADMINISTRATIVORua Marechal JosÈ B. Bormann,164 E-Sala             89802120Protesto apÛs 5 dias                                        000013
1                   000902692011248461-8883                   0000000000000008883000000000002               018883      08011400000000094200000000012N070114000000000000000310000000000000000000000000000000000000000000000111675298000156MORANDO & MORANDO SERV TRANSCRI«√O DOCUMRua TibiriÁ·,189                                    14010090Protesto apÛs 5 dias                                        000014
1                   000902692011248461-8884                   0000000000000008884900000000002               018884      08011400000000003500000000012N070114000000000000000010000000000000000000000000000000000000000000000111569240000128FLECK ASSESSORIA ADMINISTRATIVA LTDA    Avenida Tancredo Neves,385                          85805000Protesto apÛs 5 dias                                        000015
1                   000902692011248461-8885                   0000000000000008885700000000002               018885      08011400000000074670000000012N070114000000000000000250000000000000000000000000000000000000000000000111564744000155SARAIVA¥S CONSULTORIA EMPRESARIAL LTDA  Rua Prefeito JosÈ Santana Trigueiro,183             32604188Protesto apÛs 5 dias                                        000016
1                   000902692011248461-8886                   0000000000000008886500000000002               018886      08011400000000006620000000012N070114000000000000000020000000000000000000000000000000000000000000000111777632000182CFN ASSESSORIA EM DOCUMENTOS LTDA       R Prefeito Carlos JosÈ Carlson,226-CJ 01            09450000Protesto apÛs 5 dias                                        000017
1                   000902692011248461-8887                   0000000000000008887300000000002               018887      08011400000000700000000000012N070114000000000000002330000000000000000000000000000000000000000000000113594653000198Melo e Cunha Consultoria e Assessoria LtAv. Presidente Jo„o Goulart,LJ 47B-QD 2             74968890Protesto apÛs 5 dias                                        000018
1                   000902692011248461-8888                   0000000000000008888100000000002               018888      08011400000000835050000000012N070114000000000000002780000000000000000000000000000000000000000000000111834699000101REGIS ORLANDINI ASSESSORIA CARTORARIA LTAv. Jo„o Naves de ¡vila,81                          38400600Protesto apÛs 5 dias                                        000019
1                   000902692011248461-8889                   0000000000000008889P00000000002               018889      08011400000000302290000000012N070114000000000000001010000000000000000000000000000000000000000000000111864024000105AGICART - SERVI«OS DOCUMENTALISTAS INTERRua Afonso Pena,5-47                                17060250Protesto apÛs 5 dias                                        000020
1                   000902692011248461-8890                   0000000000000008890300000000002               018890      08011400000000030580000000012N070114000000000000000100000000000000000000000000000000000000000000000111838860000115M.L. CARDOSO - PRESTA«√O DE SERVI«OS - ERua Luiz Pereira Barreto,304                        16010320Protesto apÛs 5 dias                                        000021
1                   000902692011248461-8891                   0000000000000008891100000000002               018891      08011400000000231780000000012N070114000000000000000770000000000000000000000000000000000000000000000118433773000127MUZETI ASSESSORIA CARTORARIA LTDA ME    Rua 20,1014                                         14780070Protesto apÛs 5 dias                                        000022
1                   000902692011248461-8892                   0000000000000008892P00000000002               018892      08011400000000500000000000012N070114000000000000001670000000000000000000000000000000000000000000000116966322000120INNOVARE SERVI«OS CARTORARIOS LTDA - ME Av. Coronel Augusto Monteiro,650                    12020160Protesto apÛs 5 dias                                        000023
1                   000902692011248461-8893                   0000000000000008893800000000002               018893      08011400000000120960000000012N070114000000000000000400000000000000000000000000000000000000000000000112162069000109GODOI & GODOY ASSESSORIA CARTORARIA LTDAAv. Francisco de Paula Leite,1699                   13344325Protesto apÛs 5 dias                                        000024
1                   000902692011248461-8894                   0000000000000008894600000000002               018894      08011400000000013150000000012N070114000000000000000040000000000000000000000000000000000000000000000112462165000164Viviane Aparecida Henriques - EPP       Rua Rui Barbosa,164                                 19010260Protesto apÛs 5 dias                                        000025
1                   000902692011248461-8895                   0000000000000008895400000000002               018895      08011400000000500000000000012N070114000000000000001670000000000000000000000000000000000000000000000112443155000181ASSESSORIA E CONSULTORIA CARTORARIA DE DRua Santa Cruz,652                                  13300090Protesto apÛs 5 dias                                        000026
1                   000902692011248461-8896                   0000000000000008896200000000002               018896      08011400000001000000000000012N070114000000000000003330000000000000000000000000000000000000000000000116952765000161RORATO TEIXEIRA SISTEMAS DE SERVI«OS PARRua 2000,657-SL 02                                  88330462Protesto apÛs 5 dias                                        000027
1                   000902692011248461-8897                   0000000000000008897000000000002               018897      08011400000000043500000000012N070114000000000000000150000000000000000000000000000000000000000000000113619244000107BRAGPOST ASSESSORIA CARTORARIA LTDA     Av. Antonio Pires Pimentel,707                      12914001Protesto apÛs 5 dias                                        000028
1                   000902692011248461-8898                   0000000000000008898900000000002               018898      08011400000000181200000000012N070114000000000000000600000000000000000000000000000000000000000000000112632803000148RUBIANA SERVI«OS DE CARTORIO, CERTID’ES Rua das Esmeraldas,186                              09920520Protesto apÛs 5 dias                                        000029
1                   000902692011248461-8899                   0000000000000008899700000000002               018899      08011400000000045900000000012N070114000000000000000150000000000000000000000000000000000000000000000102248702000114MOURA E MENEZES SERVI«OS ADMINISTRATIVOSRua Dr. Curvelo Cavalcante,189-Loja 315             23810201Protesto apÛs 5 dias                                        000030
1                   000902692011248461-8900                   0000000000000008900400000000002               018900      08011400000000500000000000012N070114000000000000001670000000000000000000000000000000000000000000000111619454000161ASSESSORIA CARTOR¡RIA DO NORDESTE LTDA  Av. Conselheiro Rosa e Silva,1460-Sala 1            52020220Protesto apÛs 5 dias                                        000031
1                   000902692011248461-8901                   0000000000000008901200000000002               018901      08011400000000263700000000012N070114000000000000000880000000000000000000000000000000000000000000000112572498000146Alphacentral Documentos e ServiÁos LTDA Rua Zacarias de Goes,285                            13201800Protesto apÛs 5 dias                                        000032
1                   000902692011248461-8902                   0000000000000008902000000000002               018902      08011400000000006910000000012N070114000000000000000020000000000000000000000000000000000000000000000112837049000182TOWER NITEROI SERVI«OS DE CART”RIO E CERRua Visconde de Sepetiba,935-SL 625                 24020206Protesto apÛs 5 dias                                        000033
1                   000902692011248461-8903                   0000000000000008903900000000002               018903      08011400000000103650000000012N070114000000000000000350000000000000000000000000000000000000000000000112139078000170RW MARIZ ESTRUTURA CARTORAL LTDA        Av Epit·cio Pessoa,475-Sala 05                      58030906Protesto apÛs 5 dias                                        000034
1                   000902692011248461-8904                   0000000000000008904700000000002               018904      08011400000000500000000000012N070114000000000000001670000000000000000000000000000000000000000000000112498961000157HANNAH ASSESSORIA CARTOR¡RIA LTDA       Rua Visconde de Mau·,208-TÈrreo                     45652468Protesto apÛs 5 dias                                        000035
1                   000902692011248461-8905                   0000000000000008905500000000002               018905      08011400000001750000000000012N070114000000000000005830000000000000000000000000000000000000000000000113133167000172G I CART SERVI«OS ORGANIZACIONAIS LTDA  Rua dos Marianos,132                                06016050Protesto apÛs 5 dias                                        000036
1                   000902692011248461-8906                   0000000000000008906300000000002               018906      08011400000000500000000000012N070114000000000000001670000000000000000000000000000000000000000000000115369569000104FERRAGUT E MUZEL SERVI«OS ADMINISTRATIVOAv. dos Esportes,1045                               13270210Protesto apÛs 5 dias                                        000037
1                   000902692011248461-8907                   0000000000000008907100000000002               018907      08011400000000023920000000012N070114000000000000000080000000000000000000000000000000000000000000000113913099000164ERM ServiÁos Administrativos LTDA       Rua 7 de Setembro,1315                              89010203Protesto apÛs 5 dias                                        000038
1                   000902692011248461-8908                   0000000000000008908P00000000002               018908      08011400000000037450000000012N070114000000000000000120000000000000000000000000000000000000000000000113321680000197Ana Claudia Barbiere Alves Ferreira - MEAv. Brasil,326                                      14801050Protesto apÛs 5 dias                                        000039
1                   000902692011248461-8909                   0000000000000008909800000000002               018909      08011400000000007500000000012N070114000000000000000030000000000000000000000000000000000000000000000117655488000198KAEL INTERMEDIA«’ES CARTOR¡RIAS LTDA ME Av. Monte Castelo,720                               13450032Protesto apÛs 5 dias                                        000040
1                   000902692011248461-8910                   0000000000000008910100000000002               018910      08011400000000061180000000012N070114000000000000000200000000000000000000000000000000000000000000000113350598000190CP SERVI«OS ADMINISTRATIVO LTDA - ME    Rua Arnaldo Estev„o de Figueiredo,640               78700150Protesto apÛs 5 dias                                        000041
1                   000902692011248461-8911                   0000000000000008911P00000000002               018911      08011400000000027360000000012N070114000000000000000090000000000000000000000000000000000000000000000113406670000154RODRIGUES E VIEIRA LTDA.                104 SUL RUA SE 05 LOTE 23 | AC JK CAIXA             77006970Protesto apÛs 5 dias                                        000042
1                   000902692011248461-8912                   0000000000000008912800000000002               018912      08011400000000026110000000012N070114000000000000000090000000000000000000000000000000000000000000000113743219000122Valentim e Silva ServiÁos               PraÁa AntÙnio Dias,584                              38700110Protesto apÛs 5 dias                                        000043
1                   000902692011248461-8913                   0000000000000008913600000000002               018913      08011400000000044250000000012N070114000000000000000150000000000000000000000000000000000000000000000113576355000175LEME ASSESSORIA E CONSULTORIA DE DOCUMENRua Prudente de Moraes,933                          13320160Protesto apÛs 5 dias                                        000044
1                   000902692011248461-8914                   0000000000000008914400000000002               018914      08011400000000500000000000012N070114000000000000001670000000000000000000000000000000000000000000000113845551000106MACEDO & MELO INTERMEDIACOES CARTORARIASRUA LIZANDRO NOGUEIRA,1223-SALA 304                 64000200Protesto apÛs 5 dias                                        000045
1                   000902692011248461-8915                   0000000000000008915200000000002               018915      08011400000000041020000000012N070114000000000000000140000000000000000000000000000000000000000000000113800899000179TEIXEIRA CARREIRO INTERMEDIACAO CARTORARRua Alan Kardec,50-SL 712                           27541290Protesto apÛs 5 dias                                        000046
1                   000902692011248461-8916                   0000000000000008916000000000002               018916      08011400000001500000000000012N070114000000000000005000000000000000000000000000000000000000000000000110573048000142SV3 SERVI«OS ADMINISTRATIVOS EIRELI     Rua Tijuco Preto,544                                03316000Protesto apÛs 5 dias                                        000047
1                   000902692011248461-8917                   0000000000000008917900000000002               018917      08011400000000500000000000012N070114000000000000001670000000000000000000000000000000000000000000000114142222000153Araujo Oliveira Assessoria Cartoraria LTAv. Radial B,60-LJ 02                               42807380Protesto apÛs 5 dias                                        000048
1                   000902692011248461-8918                   0000000000000008918700000000002               018918      08011400000000500000000000012N070114000000000000001670000000000000000000000000000000000000000000000114456232000163CUNHA & ALVES ASSESSORIA COMERCIAL E INDRua Juscelino K. de Oliveira,763                    37580000Protesto apÛs 5 dias                                        000049
1                   000902692011248461-8919                   0000000000000008919500000000002               018919      08011400000000500000000000012N070114000000000000001670000000000000000000000000000000000000000000000115779004000197BONESSO & GIANETTI LTDA ME              Rua Nove de Julho,430-Lj 03 - Galeria de            13280000Protesto apÛs 5 dias                                        000050
1                   000902692011248461-8920                   0000000000000008920900000000002               018920      08011400000000500000000000012N070114000000000000001670000000000000000000000000000000000000000000000111834699000292REGIS ORLANDINI ASSESSORIA CARTOR¡RIA EPPraÁa Manoel Bonito,65                              38440076Protesto apÛs 5 dias                                        000051
1                   000902692011248461-8921                   0000000000000008921700000000002               018921      08011400000000500000000000012N070114000000000000001670000000000000000000000000000000000000000000000115003436000101Via R·pida IntermediaÁ„o Cartor·ria LTDARua Vereador Juca Pena,10                           36400000Protesto apÛs 5 dias                                        000052
1                   000902692011248461-8922                   0000000000000008922500000000002               018922      08011400000000500000000000012N070114000000000000001670000000000000000000000000000000000000000000000114467333000130Sirley Santos Niemic - ME               Av. Municipal,1779 A                                78250000Protesto apÛs 5 dias                                        000053
1                   000902692011248461-8923                   0000000000000008923300000000002               018923      08011400000000500000000000012N070114000000000000001670000000000000000000000000000000000000000000000114567761000134ABEN INTERMEDIACAO CARTORARIA LTDA ME   Rua Coronel Manoel Borges,321                       38010410Protesto apÛs 5 dias                                        000054
1                   000902692011248461-8924                   0000000000000008924100000000002               018924      08011400000000017500000000012N070114000000000000000060000000000000000000000000000000000000000000000114547088000170SPEED FOX ASSESSORIA CARTORARIA LTDA ME Rua General Dionisio,410-LOJA                       25075095Protesto apÛs 5 dias                                        000055
1                   000902692011248461-8925                   0000000000000008925P00000000002               018925      08011400000000114550000000012N070114000000000000000380000000000000000000000000000000000000000000000114911193000147LOPES&LOPES INTERMEDIA«√O CARTOR¡RIA LTDRua Marechal Deodoro,444-loja 322                   36010904Protesto apÛs 5 dias                                        000056
1                   000902692011248461-8926                   0000000000000008926800000000002               018926      08011400000000400000000000012N070114000000000000001330000000000000000000000000000000000000000000000115220454000145RENAULT ASSOCIADOS INTERMEDIACOES CARTORAv. P. H. Rolfs,368-SL 203                          36570000Protesto apÛs 5 dias                                        000057
1                   000902692011248461-8927                   0000000000000008927600000000002               018927      08011400000000400000000000012N070114000000000000001330000000000000000000000000000000000000000000000115220454000226RENAULT ASSOCIADOS INTERMEDIACOES CARTORRua Benedito Valadares,520-LJ 03                    35660630Protesto apÛs 5 dias                                        000058
1                   000902692011248461-8928                   0000000000000008928400000000002               018928      08011400000000500000000000012N070114000000000000001670000000000000000000000000000000000000000000000115170049000160Ivani Marques de Souza - ME             Rua Bar„o do Rio Branco,1439 B                      16200001Protesto apÛs 5 dias                                        000059
1                   000902692011248461-8929                   0000000000000008929200000000002               018929      08011400000000500000000000012N070114000000000000001670000000000000000000000000000000000000000000000115574053000193KANEKO SOLUCOES ADMINISTRATIVAS LTDA - MTrav. Adelino Bonilha,26                            13840055Protesto apÛs 5 dias                                        000060
1                   000902692011248461-8930                   0000000000000008930600000000002               018930      08011400000001000000000000012N070114000000000000003330000000000000000000000000000000000000000000000115447264000165CAMPDOC INTERMEDIA«√O CARTOR¡RIA LTDA ñ Av. Bar„o de Monte Alegre,103                       13032525Protesto apÛs 5 dias                                        000061
1                   000902692011248461-8931                   0000000000000008931400000000002               018931      08011400000001000000000000012N070114000000000000003330000000000000000000000000000000000000000000000115274886000139RJR SERVI«OS ADMINISTRATIVOS            Rua Benedito Laboissiere,270                        38600000Protesto apÛs 5 dias                                        000062
1                   000902692011248461-8932                   0000000000000008932200000000002               018932      08011400000000015000000000012N070114000000000000000050000000000000000000000000000000000000000000000113372039000262DE PAULA E FRAN«A SERVI«OS PRIVADOS E INRua Roberto Calmon,140                              29200340Protesto apÛs 5 dias                                        000063
1                   000902692011248461-8933                   0000000000000008933000000000002               018933      08011400000000400000000000012N070114000000000000001330000000000000000000000000000000000000000000000115424745000155GALISSE & LIMA CONSULTORIA E ASSESSORIA Rua S„o Paulo,512                                   37701012Protesto apÛs 5 dias                                        000064
1                   000902692011248461-8934                   0000000000000008934900000000002               018934      08011400000000500000000000012N070114000000000000001670000000000000000000000000000000000000000000000115328775000168Bagini e Okumura IntermediaÁıes Cartor·rRua Laurindo Borges,1494                            87303240Protesto apÛs 5 dias                                        000065
1                   000902692011248461-8935                   0000000000000008935700000000002               018935      08011400000000700000000000012N070114000000000000002330000000000000000000000000000000000000000000000115776815000134RCA - PREST CART INTERMEDIA«√O CARTORARIRua Jo„o Caetano,185-LJ 103                         24710405Protesto apÛs 5 dias                                        000066
1                   000902692011248461-8936                   0000000000000008936500000000002               018936      08011400000000500000000000012N070114000000000000001670000000000000000000000000000000000000000000000115523647000175TGD ASSESSORIA E CONSULTORIA LTDA       Rua Coronel Antonio Cardoso Pinto,34 A              37640000Protesto apÛs 5 dias                                        000067
1                   000902692011248461-8937                   0000000000000008937300000000002               018937      08011400000000500000000000012N070114000000000000001670000000000000000000000000000000000000000000000116465255000160Tocantins IntermediaÁ„o Cartor·ria LTDA-RUA RODOVI¡RIA,193-SALA 01                          77805040Protesto apÛs 5 dias                                        000068
1                   000902692011248461-8938                   0000000000000008938100000000002               018938      08011400000000600000000000012N070114000000000000002000000000000000000000000000000000000000000000000115653178000109FOCUS INTERMEDIA«√O CARTOR¡RIA LTDA     AV. BRASIL,10-LOJA 224                              28970000Protesto apÛs 5 dias                                        000069
1                   000902692011248461-8939                   0000000000000008939P00000000002               018939      08011400000000500000000000012N070114000000000000001670000000000000000000000000000000000000000000000115731322000188MEIRELES SERVI«OS DE APOIO ADMINISTRATIVRua JosÈ Marcelino de Oliveira,374-BAIXO            67030170Protesto apÛs 5 dias                                        000070
1                   000902692011248461-8940                   0000000000000008940300000000002               018940      08011400000001750000000000012N070114000000000000005830000000000000000000000000000000000000000000000116608106000102CONTAK INTERMEDIA«’ES CARTORARIAS LTDA  Av. Conselheiro Nebias,754                          11045002Protesto apÛs 5 dias                                        000071
1                   000902692011248461-8941                   0000000000000008941100000000002               018941      08011400000001000000000000012N070114000000000000003330000000000000000000000000000000000000000000000115803475000193PEDRO, BASTOS & JONES SERVI«OS ASMINISTRRua Duque de Caxias,01-SL 31                        28613060Protesto apÛs 5 dias                                        000072
1                   000902692011248461-8942                   0000000000000008942P00000000002               018942      08011400000000500000000000012N070114000000000000001670000000000000000000000000000000000000000000000118997889000199CP CAMPO GRANDE INTERMEDIACOES CARTORARIRua Amaral Costa,408-LJ 01                          23050260Protesto apÛs 5 dias                                        000073
1                   000902692011248461-8943                   0000000000000008943800000000002               018943      08011400000000875000000000012N070114000000000000002920000000000000000000000000000000000000000000000116782417000193DAMAHSA INTERMEDIA«√O CARTOR¡RIA LTDA   Av. das AmÈricas,700-BL 08 LJ 315 H                 22640100Protesto apÛs 5 dias                                        000074
1                   000902692011248461-8944                   0000000000000008944600000000002               018944      08011400000000500000000000012N070114000000000000001670000000000000000000000000000000000000000000000115566079000190Marins Consultoria e IntermediaÁ„o CartoAvenida Brasil,4140-Sala 13                         87503420Protesto apÛs 5 dias                                        000075
1                   000902692011248461-8945                   0000000000000008945400000000002               018945      08011400000001000000000000012N070114000000000000003330000000000000000000000000000000000000000000000115703802000135Assecar Apoio Administrativo de MArilia Rua Carlos Gomes,343                                17501000Protesto apÛs 5 dias                                        000076
1                   000902692011248461-8946                   0000000000000008946200000000002               018946      08011400000000500000000000012N070114000000000000001670000000000000000000000000000000000000000000000115723896000104Walter Shuji Kishi eireli-ME            Avenida Presidente Get√∫lio Vargas,2214-            45990289Protesto apÛs 5 dias                                        000077
1                   000902692011248461-8947                   0000000000000008947000000000002               018947      08011400000000500000000000012N070114000000000000001670000000000000000000000000000000000000000000000115665799000102OLIVEIRA E PEIXOTO LTDA                 Rua Barbosa de Sousa,25-SL 006 - Centro             45203640Protesto apÛs 5 dias                                        000078
1                   000902692011248461-8948                   0000000000000008948900000000002               018948      08011400000000500000000000012N070114000000000000001670000000000000000000000000000000000000000000000116911487000102L & A INTERMEDIA«’ES CARTOR¡RIAS LTDA   Rua Marechal Deodoro,111                            48005020Protesto apÛs 5 dias                                        000079
1                   000902692011248461-8949                   0000000000000008949700000000002               018949      08011400000000600000000000012N070114000000000000002000000000000000000000000000000000000000000000000116615091000100MEG INTERMEDIA«√O CARTOR¡RIA            Av. 13,625                                          13500340Protesto apÛs 5 dias                                        000080
1                   000902692011248461-8950                   0000000000000008950000000000002               018950      08011400000001000000000000012N070114000000000000003330000000000000000000000000000000000000000000000115696350000101Almeida IntermediaÁ„o cartor·ria LTDA MERua JosÈ Brenha Ribeiro,23                          18130495Protesto apÛs 5 dias                                        000081
1                   000902692011248461-8951                   0000000000000008951900000000002               018951      08011400000000500000000000012N070114000000000000001670000000000000000000000000000000000000000000000116859396000167Zanatta IntermediaÁ„o Cartor·ria        Rua 29 de Abril,123                                 13256000Protesto apÛs 5 dias                                        000082
1                   000902692011248461-8952                   0000000000000008952700000000002               018952      08011400000001750000000000012N070114000000000000005830000000000000000000000000000000000000000000000115761167000142DOC SERVICE SERVI«OS DOCUMENTAIS LTDA   Rua Marechal Floriano Peixoto,1562-Sala             85851020Protesto apÛs 5 dias                                        000083
1                   000902692011248461-8953                   0000000000000008953500000000002               018953      08011400000000500000000000012N0701140000000000000016700000000000000000000000000000000000000000000001157926280001442 W V INTERMEDIA«√O CARTOR¡RIA LTDA-ME  Rua Marechal Deodoro,44                             12500210Protesto apÛs 5 dias                                        000084
1                   000902692011248461-8954                   0000000000000008954300000000002               018954      08011400000000500000000000012N070114000000000000001670000000000000000000000000000000000000000000000115779486000185ANA LIDIA ANDRADE VASCONCELOS CISOTTO - Rua M·rio Pedro Vercellino,411                      18550000Protesto apÛs 5 dias                                        000085
1                   000902692011248461-8955                   0000000000000008955100000000002               018955      08011400000001000000000000012N070114000000000000003330000000000000000000000000000000000000000000000116566686000112SOMARX INTERMEDIA«√O CARTOR¡RIA LTDA    QN 07 - AREA ESPECIAL 1 TERREO LOJA,11-R            71805731Protesto apÛs 5 dias                                        000086
1                   000902692011248461-8956                   0000000000000008956P00000000002               018956      08011400000001000000000000012N070114000000000000003330000000000000000000000000000000000000000000000116651907000150COTIA CENTRAL - SERVI«OS ADMINISTRATIVOSRua Joaquim Nunes Filho,204                         06717180Protesto apÛs 5 dias                                        000087
1                   000902692011248461-8957                   0000000000000008957800000000002               018957      08011400000001300000000000012N070114000000000000004330000000000000000000000000000000000000000000000117013577000130RIBEIRO INTERMEDIA«√O CARTOR¡RIA LTDA.  Av. Presidente Marques,1212                         78045008Protesto apÛs 5 dias                                        000088
1                   000902692011248461-8958                   0000000000000008958600000000002               018958      08011400000000600000000000012N070114000000000000002000000000000000000000000000000000000000000000000116455215000137MIM Consultoria, Assessoria e IntermediaRua Gal. Bacelar,504                                96200370Protesto apÛs 5 dias                                        000089
1                   000902692011248461-8959                   0000000000000008959400000000002               018959      08011400000000500000000000012N070114000000000000001670000000000000000000000000000000000000000000000116456499000186FILADELFIA SERVI«OS CARTOR¡RIOS E DOCUMERua AmbrÛsio,158                                    26580250Protesto apÛs 5 dias                                        000090
1                   000902692011248461-8960                   0000000000000008960800000000002               018960      08011400000000500000000000012N070114000000000000001670000000000000000000000000000000000000000000000116850829000113FORMAGIO & MILARE LTDA ME               Rua Princesa Izabel,994                             17900000Protesto apÛs 5 dias                                        000091
1                   000902692011248461-8961                   0000000000000008961600000000002               018961      08011400000001000000000000012N070114000000000000003330000000000000000000000000000000000000000000000116988183000135MENEZES & AMARAL INTERMEDIA«√O CARTOR¡RIRua Israel Pinheiro,2500-LJ 1                       35020220Protesto apÛs 5 dias                                        000092
1                   000902692011248461-8962                   0000000000000008962400000000002               018962      08011400000000500000000000012N070114000000000000001670000000000000000000000000000000000000000000000117163022000175DEFTHJ CONSULTORIA E ASSESSORIA CARTOR¡RR. Pedro ProcÛpio,48                                06501130Protesto apÛs 5 dias                                        000093
1                   000902692011248461-8963                   0000000000000008963200000000002               018963      08011400000000500000000000012N070114000000000000001670000000000000000000000000000000000000000000000116943517000154SOUZA SERVI«OS DE DOCUMENTOS S/S LTDA EPR. Coronel Aureliano de Camargo,666                 18270170Protesto apÛs 5 dias                                        000094
1                   000902692011248461-8964                   0000000000000008964000000000002               018964      08011400000000500000000000012N070114000000000000001670000000000000000000000000000000000000000000000116836878000100ANDRE WILIANS CESARIO BROCHADO 081405566Rua Engenheiro Frizotti Agostini,50-LJ 0            37410000Protesto apÛs 5 dias                                        000095
1                   000902692011248461-8965                   0000000000000008965900000000002               018965      08011400000000500000000000012N070114000000000000001670000000000000000000000000000000000000000000000117206713000109FABIO TOMAZ CARDOSO - ME                Rua Primeiro de Maio,202-SL 507                     09015030Protesto apÛs 5 dias                                        000096
1                   000902692011248461-8966                   0000000000000008966700000000002               018966      08011400000000800000000000012N070114000000000000002670000000000000000000000000000000000000000000000116383668000103MADJ SERVI«OS DE INTERMEDIA«√O CARTOR¡RIRua Nestor de Barros,48                             03325050Protesto apÛs 5 dias                                        000097
1                   000902692011248461-8967                   0000000000000008967500000000002               018967      08011400000000500000000000012N070114000000000000001670000000000000000000000000000000000000000000000111834699000373REGIS ORLANDINI ASSESSORIA CARTOR¡RIA EPRua Dr. Frankilin de Castro,238                     38183120Protesto apÛs 5 dias                                        000098
1                   000902692011248461-8968                   0000000000000008968300000000002               018968      08011400000000500000000000012N070114000000000000001670000000000000000000000000000000000000000000000116899904000130E. F. AURELIA NEGOCIOS E INTERMEDIA«√O CRua Liberdade,596                                   06853700Protesto apÛs 5 dias                                        000099
1                   000902692011248461-8969                   0000000000000008969100000000002               018969      08011400000000500000000000012N070114000000000000001670000000000000000000000000000000000000000000000116949930000126CIRENO FILHO INTERMEDIA«√O CARTORARIA   Rua Carlos Eduardo Nichele,1382-LJ01                83833022Protesto apÛs 5 dias                                        000100
1                   000902692011248461-8970                   0000000000000008970500000000002               018970      08011400000000500000000000012N070114000000000000001670000000000000000000000000000000000000000000000116811847000196TOLEDO & PEREIRA VASSALO LTDA ME        Rua Santos Pereira,212                              37500026Protesto apÛs 5 dias                                        000101
1                   000902692011248461-8971                   0000000000000008971300000000002               018971      08011400000000500000000000012N070114000000000000001670000000000000000000000000000000000000000000000116577085000105GIL E JAFET INTERMEDIACAO CARTORARIA LTDAv. Gustavo Capanema,150                            35650000Protesto apÛs 5 dias                                        000102
1                   000902692011248461-8972                   0000000000000008972100000000002               018972      08011400000001000000000000012N070114000000000000003330000000000000000000000000000000000000000000000116819238000183CARLOS ALBERTO ROCHA DE MELO - ME       R. HermÛgenes Freire da Costa,02-LJ 05              28940000Protesto apÛs 5 dias                                        000103
1                   000902692011248461-8973                   0000000000000008973P00000000002               018973      08011400000000500000000000012N070114000000000000001670000000000000000000000000000000000000000000000116694354000113DOCUMENTOS BRASIL SERVI«OS E ASSESSORIA Rua Manoel Pereira,540                              13970346Protesto apÛs 5 dias                                        000104
1                   000902692011248461-8974                   0000000000000008974800000000002               018974      08011400000000500000000000012N070114000000000000001670000000000000000000000000000000000000000000000116945793000151JLM INTERMEDIA«√O CARTOR¡RIA LTDA       Av. Tiradentes,618-LJ 03                            36307348Protesto apÛs 5 dias                                        000105
1                   000902692011248461-8975                   0000000000000008975600000000002               018975      08011400000001750000000000012N070114000000000000005830000000000000000000000000000000000000000000000116927836000176C. M. MILROT CONSULTORIA E INTERMEDIA«√OAv. Paulista,2001-19∫ andar | Conjuntos             01311300Protesto apÛs 5 dias                                        000106
1                   000902692011248461-8976                   0000000000000008976400000000002               018976      08011400000000500000000000012N070114000000000000001670000000000000000000000000000000000000000000000116935668000160FLASH DOC INTERMEDIA«’ES CARTORARIAS    Av. Caetano Barrela,209                             06763460Protesto apÛs 5 dias                                        000107
1                   000902692011248461-8977                   0000000000000008977200000000002               018977      08011400000000500000000000012N070114000000000000001670000000000000000000000000000000000000000000000116964316000133CAMARGO & ESTRACINE INTERMEDIA«√O CARTORRua Miguel Anselmo,260                              15900000Protesto apÛs 5 dias                                        000108
1                   000902692011248461-8978                   0000000000000008978000000000002               018978      08011400000001000000000000012N070114000000000000003330000000000000000000000000000000000000000000000117829100000128JS & BOIM INTERMEDIA«√O CARTOR¡RIA LTDA Rua Tabatinguera,140-SL 409 e 410                   01020000Protesto apÛs 5 dias                                        000109
1                   000902692011248461-8979                   0000000000000008979900000000002               018979      08011400000001500000000000012N070114000000000000005000000000000000000000000000000000000000000000000112587280000165RTC INTERMEDIA«√O CARTOR¡RIA LTDA - ME  Rua Montenegro,171 A                                11410040Protesto apÛs 5 dias                                        000110
1                   000902692011248461-8980                   0000000000000008980200000000002               018980      08011400000000500000000000012N070114000000000000001670000000000000000000000000000000000000000000000116729531000150GOMES VERAS INTERMEDIA«√O CARTOR¡RIA LTDRua Maranh„o,763-Sala 17 R                          65901590Protesto apÛs 5 dias                                        000111
1                   000902692011248461-8981                   0000000000000008981000000000002               018981      08011400000001000000000000012N070114000000000000003330000000000000000000000000000000000000000000000116970183000108NR INTERMEDIA«√O CARTOR¡RIA LTDA        Av. Dom Luis,500-Piso L0, Loja 38, Shopp            60160230Protesto apÛs 5 dias                                        000112
1                   000902692011248461-8982                   0000000000000008982900000000002               018982      08011400000000500000000000012N070114000000000000001670000000000000000000000000000000000000000000000117103695000210Vale Rio - IntermediaÁ„o Cartor·ria LtdaRua do ParaÌso,97-SL 29                             48903050Protesto apÛs 5 dias                                        000113
1                   000902692011248461-8983                   0000000000000008983700000000002               018983      08011400000000500000000000012N070114000000000000001670000000000000000000000000000000000000000000000117103695000130VALE RIO - INTERMEDIA«√O CARTOR¡RIA LTDAPraÁa Pio XII,290-2∫ Andar, SL 01                   56304430Protesto apÛs 5 dias                                        000114
1                   000902692011248461-8984                   0000000000000008984500000000002               018984      08011400000001000000000000012N070114000000000000003330000000000000000000000000000000000000000000000117197147000116POSTCAR INTERMEDIA«√OO CARTOR¡ÅRIA LTDA Rua Amaro Genari,46                                 09810270Protesto apÛs 5 dias                                        000115
1                   000902692011248461-8985                   0000000000000008985300000000002               018985      08011400000000500000000000012N070114000000000000001670000000000000000000000000000000000000000000000117216619000130F E M INTERMEDIA«√O CARTORARIA LTDA ME  Av. Dom Pedro II,135-Sala 22                        37470000Protesto apÛs 5 dias                                        000116
1                   000902692011248461-8986                   0000000000000008986100000000002               018986      08011400000000500000000000012N070114000000000000001670000000000000000000000000000000000000000000000118294473000104VIEIRA E SCORALICK LTDA                 Rua Get˙lio Vargas,53                               34800000Protesto apÛs 5 dias                                        000117
1                   000902692011248461-8987                   0000000000000008987P00000000002               018987      08011400000000500000000000012N070114000000000000001670000000000000000000000000000000000000000000000112762841000115SM GERENCIAMENTO DE CERTID’ES E DOCUMENTRua 18,81                                           76380000Protesto apÛs 5 dias                                        000118
1                   000902692011248461-8988                   0000000000000008988800000000002               018988      08011400000000500000000000012N070114000000000000001670000000000000000000000000000000000000000000000110686832000167D E F COIMBRA LTDA -ME                  Tv. Turiano Meira,33                                68005430Protesto apÛs 5 dias                                        000119
1                   000902692011248461-8989                   0000000000000008989600000000002               018989      08011400000000500000000000012N070114000000000000001670000000000000000000000000000000000000000000000117684288000163L.F.L. INTERMEDIA«√O CARTOR¡RIA LTDA    Av. Argolo,490-SL 102                               89280040Protesto apÛs 5 dias                                        000120
1                   000902692011248461-8990                   0000000000000008990P00000000002               018990      08011400000001250000000000012N070114000000000000004170000000000000000000000000000000000000000000000117234137000103Postal Services - Assessoria e ServiÁos PÁ das Orquideas,186-SL 04 | 1∫ Andar               06453002Protesto apÛs 5 dias                                        000121
1                   000902692011248461-8991                   0000000000000008991800000000002               018991      08011400000000500000000000012N070114000000000000001670000000000000000000000000000000000000000000000117344439000134Carneiro e Santana IntermediaÁ„o Cartor·Rua Brasil,210-SALA A                               19800100Protesto apÛs 5 dias                                        000122
1                   000902692011248461-8992                   0000000000000008992600000000002               018992      08011400000001750000000000012N070114000000000000005830000000000000000000000000000000000000000000000118103169000132AHEAD ASSESSORIA E CONSULTORIA EM INTERMRua Fernando Falc„o,913                             03180002Protesto apÛs 5 dias                                        000123
1                   000902692011248461-8993                   0000000000000008993400000000002               018993      08011400000000400000000000012N070114000000000000001330000000000000000000000000000000000000000000000117882252000194S&A INTERMEDIA«’ES CARTOR¡RIAS          Rua Prefeito Frederico Hardt,194-SL 05              89130000Protesto apÛs 5 dias                                        000124
1                   000902692011248461-8994                   0000000000000008994200000000002               018994      08011400000000500000000000012N070114000000000000001670000000000000000000000000000000000000000000000117474125000156MAGAVIX INTERMEDIA«√O E LOGISTICA DE DISRua Amap·,1777                                      87704070Protesto apÛs 5 dias                                        000125
1                   000902692011248461-8995                   0000000000000008995000000000002               018995      08011400000000500000000000012N070114000000000000001670000000000000000000000000000000000000000000000117569606000145RP SERVI«OS CARTORARIOS LTDA            Av. Santos Dumont,3257-Comercial MM501 L            42700000Protesto apÛs 5 dias                                        000126
1                   000902692011248461-8996                   0000000000000008996900000000002               018996      08011400000001000000000000012N070114000000000000003330000000000000000000000000000000000000000000000109532074000143OTTIMIZA ASSESSORIA CARTORARIA LTDA - MERua Raimundo Chaves,1584                            59064390Protesto apÛs 5 dias                                        000127
1                   000902692011248461-8997                   0000000000000008997700000000002               018997      08011400000000500000000000012N070114000000000000001670000000000000000000000000000000000000000000000117497344000150VAP POSTAL INTERMEDIA«√O CARTOR¡RIA LTDARua Teodorico Tourinho,304                          39800010Protesto apÛs 5 dias                                        000128
1                   000902692011248461-8998                   0000000000000008998500000000002               018998      08011400000000500000000000012N070114000000000000001670000000000000000000000000000000000000000000000117800569000134GLEZER PEREIRA DA COSTA ROSA - ME       Avenida AmÈlia Colombo Dias,67-SL 01 e 0            14820000Protesto apÛs 5 dias                                        000129
1                   000902692011248461-8999                   0000000000000008999300000000002               018999      08011400000000500000000000012N070114000000000000001670000000000000000000000000000000000000000000000113622593000170Moraes & Vessoni Serv. e Ass. CartorariaRua Paran·,629                                      19900021Protesto apÛs 5 dias                                        000130
1                   000902692011248461-9000                   0000000000000009000200000000002               019000      08011400000000500000000000012N070114000000000000001670000000000000000000000000000000000000000000000117605176000170CARIRI INTERMEDIACAO CARTORARIA LTDA - MRua Delmiro Gouveia,51                              56332720Protesto apÛs 5 dias                                        000131
1                   000902692011248461-9001                   0000000000000009001000000000002               019001      08011400000000500000000000012N070114000000000000001670000000000000000000000000000000000000000000000117736384000108JANAINA FERREIRA DE TOLEDO PEREIRA      Rua Vanor Junqueira Franco,300-Fundos               14701010Protesto apÛs 5 dias                                        000132
1                   000902692011248461-9002                   0000000000000009002900000000002               019002      08011400000001000000000000012N070114000000000000003330000000000000000000000000000000000000000000000117880167000197AGUIA INTERMEDIA«√O CARTORARIA LTDA - MERua Volunt·rios da P·tria,524                       02010000Protesto apÛs 5 dias                                        000133
1                   000902692011248461-9003                   0000000000000009003700000000002               019003      08011400000001500000000000012N070114000000000000005000000000000000000000000000000000000000000000000118412276000142MIRIAM CRISTINA MANUCCI DOS SANTOS EIRELAv. Antonio Carlos Magalh„es,846-SL 122,            41825900Protesto apÛs 5 dias                                        000134
1                   000902692011248461-9004                   0000000000000009004500000000002               019004      08011400000000500000000000012N070114000000000000001670000000000000000000000000000000000000000000000117966691000185GERENCIAMENTO DE CERTIDOES E DOCUMENTOS Rua do Imperador,349-Loja E, Galeria Eli            57020670Protesto apÛs 5 dias                                        000135
1                   000902692011248461-9005                   0000000000000009005300000000002               019005      08011400000000400000000000012N070114000000000000001330000000000000000000000000000000000000000000000117882102000180JK INTERMEDIA«’ES CARTOR¡RIAS           Av. Francisco Monteiro,95                           09400310Protesto apÛs 5 dias                                        000136
1                   000902692011248461-9006                   0000000000000009006100000000002               019006      08011400000000500000000000012N070114000000000000001670000000000000000000000000000000000000000000000118268113000138LINS E SILVA INTERMEDIA«’ES CARTOR¡RIAS Rua Visconde de Campo Alegre,149-1∫ Anda            54505370Protesto apÛs 5 dias                                        000137
1                   000902692011248461-9007                   0000000000000009007P00000000002               019007      08011400000000300000000000012N070114000000000000001000000000000000000000000000000000000000000000000116456499000267FILADELFIA CARTOR¡RIOS E DOCUMENTAIS    Rua AntÙnio Teles de Menezes,41-SL 407              25520630Protesto apÛs 5 dias                                        000138
1                   000902692011248461-9008                   0000000000000009008800000000002               019008      08011400000001000000000000012N070114000000000000003330000000000000000000000000000000000000000000000115417430000180AME - AMOEDO MEDRADO EMPREENDIMENTOS LTDPÁ. Jo„o Barbosa Carvalho,58                        44001144Protesto apÛs 5 dias                                        000139
1                   000902692011248461-9009                   0000000000000009009600000000002               019009      08011400000000750000000000012N070114000000000000002500000000000000000000000000000000000000000000000114501933000177ROBERTO MACEDO DE ALBUQUERQUE ME        Rua Alameda Antofagasta,77-SL 301                   97050660Protesto apÛs 5 dias                                        000140
1                   000902692011248461-9010                   0000000000000009010P00000000002               019010      08011400000000500000000000012N070114000000000000001670000000000000000000000000000000000000000000000117808878000150OLIVEIRA & MIRANDA INTERMEDIA«√O CARTORARua S„o Jo„o,630-A                                  15400000Protesto apÛs 5 dias                                        000141
1                   000902692011248461-9011                   0000000000000009011800000000002               019011      08011400000001500000000000012N070114000000000000005000000000000000000000000000000000000000000000000118133083000152MALTAURO BEZERRA CONSULTORIA E INTERMEDIAv. Tancredo Neves,1485-LJ 01                       41820021Protesto apÛs 5 dias                                        000142
1                   000902692011248461-9012                   0000000000000009012600000000002               019012      08011400000000500000000000012N070114000000000000001670000000000000000000000000000000000000000000000118209597000144T A Mendes ServiÁos Administrativos - MERua Visconde do Rio Branco,128                      13600080Protesto apÛs 5 dias                                        000143
1                   000902692011248461-9013                   0000000000000009013400000000002               019013      08011400000000500000000000012N070114000000000000001670000000000000000000000000000000000000000000000117961015000119ADALBERTO ROCHA THOBIAS - ME            Av. Paulista,259-Oeste                              17280000Protesto apÛs 5 dias                                        000144
1                   000902692011248461-9014                   0000000000000009014200000000002               019014      08011400000001500000000000012N070114000000000000005000000000000000000000000000000000000000000000000118123632000108MARCIA JULIO SCHALCH SERVI«OS DE INTERMERua Nossa Senhora M„e dos Homens,76                 07091000Protesto apÛs 5 dias                                        000145
1                   000902692011248461-9015                   0000000000000009015000000000002               019015      08011400000000500000000000012N070114000000000000001670000000000000000000000000000000000000000000000118117942000110Rocha OrÁai IntermediaÁ„o Cartor·ria LtdRua dos Leites,69-Sala 118, Galeria PÙr             28470000Protesto apÛs 5 dias                                        000146
1                   000902692011248461-9016                   0000000000000009016900000000002               019016      08011400000000500000000000012N070114000000000000001670000000000000000000000000000000000000000000000118840724000109RM SERVI«OS DE INTERMEDIA«√O CARTOR¡RIA Av. Get˙lio Vargas,44                               48601260Protesto apÛs 5 dias                                        000147
1                   000902692011248461-9017                   0000000000000009017700000000002               019017      08011400000001500000000000012N070114000000000000005000000000000000000000000000000000000000000000000118379292000180DOCUMENTUM BRASILIA LTDA - ME           CLN 316-BL E, LJ 06                                 70775550Protesto apÛs 5 dias                                        000148
1                   000902692011248461-9018                   0000000000000009018500000000002               019018      08011400000001000000000000012N070114000000000000003330000000000000000000000000000000000000000000000115007025000194FV RepresentaÁ„o Comercial LTDA         Alameda AbricÛ,1856-LJ 03                           28890254Protesto apÛs 5 dias                                        000149
1                   000902692011248461-9019                   0000000000000009019300000000002               019019      08011400000000500000000000012N070114000000000000001670000000000000000000000000000000000000000000000118254685000168CASTELO BRANCO - INTERMEDIA«√O CART”RARIRua do Sol,382-Loja 06 - Centro Empresar            65300000Protesto apÛs 5 dias                                        000150
1                   000902692011248461-9020                   0000000000000009020700000000002               019020      08011400000000500000000000012N070114000000000000001670000000000000000000000000000000000000000000000118354262000110BOFF E MULLER INTERMEDIA«√O CARTOR¡RIA LAv. J˙lio de Castilhos,1340-SL 05 - Cent            95010003Protesto apÛs 5 dias                                        000151
1                   000902692011248461-9021                   0000000000000009021500000000002               019021      08011400000000500000000000012N070114000000000000001670000000000000000000000000000000000000000000000118596649000182LHL SERVI«OS ADMINISTRATIVOS E INTERMEDIRua AssemblÈia de Deus,39-SL 411                    11500040Protesto apÛs 5 dias                                        000152
1                   000902692011248461-9022                   0000000000000009022300000000002               019022      08011400000001500000000000012N070114000000000000005000000000000000000000000000000000000000000000000118354041000141By Trade IntermediaÁ„o Cartor·ria LTDA  Rua Pinto de Figueiredo,55-SL 605                   20511240Protesto apÛs 5 dias                                        000153
1                   000902692011248461-9023                   0000000000000009023100000000002               019023      08011400000001000000000000012N070114000000000000003330000000000000000000000000000000000000000000000118758648000197CASANOVA E CAL INTERMEDIA«√O CARTOR¡RIA Rua Osvaldo Cruz,372-LJ 106                         41940000Protesto apÛs 5 dias                                        000154
1                   000902692011248461-9024                   0000000000000009024P00000000002               019024      08011400000000500000000000012N070114000000000000001670000000000000000000000000000000000000000000000118607091000193ROBERTA CORREA BUENO GOLO ME            PraÁa 9 de Julho,123                                13960000Protesto apÛs 5 dias                                        000155
1                   000902692011248461-9025                   0000000000000009025800000000002               019025      08011400000000500000000000012N070114000000000000001670000000000000000000000000000000000000000000000103781158000134DESTRO & CABRAL INTERMEDIA«√O CARTOR¡RIAAv. da Saudade,246                                  14840000Protesto apÛs 5 dias                                        000156
1                   000902692011248461-9026                   0000000000000009026600000000002               019026      08011400000000500000000000012N070114000000000000001670000000000000000000000000000000000000000000000118678770000153CHIMACHI E COGHI INTERMEDIA«√O CARTOR¡RIRua AntÙnio Mour„o,84-SL 03                         13610090Protesto apÛs 5 dias                                        000157
1                   000902692011248461-9027                   0000000000000009027400000000002               019027      08011400000000500000000000012N070114000000000000001670000000000000000000000000000000000000000000000118465701000161SANDRA RODRIGUES DE JESUS - EIRELI - ME Rua Tito FulgÍncio,164-SL 106, Galeria C            38500000Protesto apÛs 5 dias                                        000158
1                   000902692011248461-9028                   0000000000000009028200000000002               019028      08011400000000500000000000012N070114000000000000001670000000000000000000000000000000000000000000000118950650000163NOVA ERA INTERMEDIA«√O CARTORARIA LTDA -Av. Rui Barbosa,72-SL 13                            11740970Protesto apÛs 5 dias                                        000159
1                   000902692011248461-9029                   0000000000000009029000000000002               019029      08011400000000300000000000012N070114000000000000001000000000000000000000000000000000000000000000000118536552000184CAMPOS DO JORDAO INTERMEDIACAO CARTORARIRua Brigadeiro Jord„o,636                           12460000Protesto apÛs 5 dias                                        000160
1                   000902692011248461-9030                   0000000000000009030400000000002               019030      08011400000000400000000000012N070114000000000000001330000000000000000000000000000000000000000000000118758564000153M & M INTERMEDIA«√O CARTOR¡RIA LTDA - MERua Dom Luis Felipe de Orleans,1177                 02118001Protesto apÛs 5 dias                                        000161
1                   000902692011248461-9031                   0000000000000009031200000000002               019031      08011400000000350000000000012N070114000000000000001170000000000000000000000000000000000000000000000118717359000140FAVARO INTERMEDIA«√O CARTOR¡RIA LTDA -MEAv. Cinco,300                                       14620000Protesto apÛs 5 dias                                        000162
1                   000902692011248461-9032                   0000000000000009032000000000002               019032      08011400000001000000000000012N070114000000000000003330000000000000000000000000000000000000000000000118592122000180JET-POST INTERMEDIA«√O CARTOR¡RIA LTDA -Av. Santo Amaro,1198                                04506001Protesto apÛs 5 dias                                        000163
1                   000902692011248461-9033                   0000000000000009033900000000002               019033      08011400000000500000000000012N070114000000000000001670000000000000000000000000000000000000000000000114445177000106Bruce Costa Vilafranca - ME             Rua Paschoal Gianfrancesco,60-Sal„o 10              13224700Protesto apÛs 5 dias                                        000164
1                   000902692011248461-9034                   0000000000000009034700000000002               019034      08011400000000500000000000012N070114000000000000001670000000000000000000000000000000000000000000000119044805000165RB CONSULTORIA E ASSESSORIA EIRELI      Rua Eliseu Guilherme,724                            14025020Protesto apÛs 5 dias                                        000165
1                   000902692011248461-9035                   0000000000000009035500000000002               019035      08011400000001000000000000012N070114000000000000003330000000000000000000000000000000000000000000000116990226000117E. ROFELD SERVI«OS ADMINISTRATIVOS ME   Av. AngÈlica,1814-CJ 606                            01228200Protesto apÛs 5 dias                                        000166
1                   000902692011248461-9036                   0000000000000009036300000000002               019036      08011400000001000000000000012N070114000000000000003330000000000000000000000000000000000000000000000113031763000141QUALY SERVI«OS CARTOR¡RIOS LTDA         Est. do Gabinal,313-LJ 215-216                      22760151Protesto apÛs 5 dias                                        000167
1                   000902692011248461-9037                   0000000000000009037100000000002               019037      08011400000000500000000000012N070114000000000000001670000000000000000000000000000000000000000000000119219421000136OK INTERMEDIA«AO CARTORARIA LTDA        Rua Jeronimo Coelho,140-SL 04                       89201205Protesto apÛs 5 dias                                        000168
1                   000902692011248461-9038                   0000000000000009038P00000000002               019038      08011400000000500000000000012N070114000000000000001670000000000000000000000000000000000000000000000119152213000167MAIS FACIL INTERMEDIA«√O CARTORARIA     Av. Cel. Manoel InocÍncio,631-LJ 17                 12281010Protesto apÛs 5 dias                                        000169
1                   000902692011248461-9039                   0000000000000009039800000000002               019039      08011400000000500000000000012N070114000000000000001670000000000000000000000000000000000000000000000118939109000154J.B. NASCIMENTO INTERMEDIA«√O CARTORARIARua Par·,3222                                       15502236Protesto apÛs 5 dias                                        000170
1                   000902692011248461-9040                   0000000000000009040100000000002               019040      08011400000001000000000000012N070114000000000000003330000000000000000000000000000000000000000000000119054315000140FERNANDA MUNDOSTOCK RAYMUNDO EPP        Av. Get˙lio Vargas,1142                             90150002Protesto apÛs 5 dias                                        000171
1                   000902692011248461-9041                   0000000000000009041P00000000002               019041      20011400000001000000000000012N070114060500000000000000000000000000000000000000000000000000000000000211479061000108ANDRADE SOARES LOPES LTDA               Rua Lehar David, 05                                 45000445ACORDO ROYALTIES 2/18                                       000172
1                   000902692011248461-9042                   0000000000000009042800000000002               019042      20021400000001000000000000012N070114060500000000000000000000000000000000000000000000000000000000000211479061000108ANDRADE SOARES LOPES LTDA               Rua Lehar David,05                                  45000445ACORDO ROYALTIES 3/18                                       000173
1                   000902692011248461-9043                   0000000000000009043600000000002               019043      20031400000001000000000000012N070114060500000000000000000000000000000000000000000000000000000000000211479061000108ANDRADE SOARES LOPES LTDA               Rua Lehar David, 05                                 45000445ACORDO ROYALTIES 4/18                                       000174
1                   000902692011248461-9044                   0000000000000009044400000000002               019044      20041400000001000000000000012N070114060500000000000000000000000000000000000000000000000000000000000211479061000108ANDRADE SOARES LOPES LTDA               Rua Lehar David,05                                  45000445ACORDO ROYALTIES 5/18                                       000175
1                   000902692011248461-9045                   0000000000000009045200000000002               019045      20061400000001000000000000012N070114060500000000000000000000000000000000000000000000000000000000000211479061000108ANDRADE SOARES LOPES LTDA               Rua Lehar David, 05                                 45000445ACORDO ROYALTIES 6/18                                       000176
1                   000902692011248461-9046                   0000000000000009046000000000002               019046      20071400000001000000000000012N070114060500000000000000000000000000000000000000000000000000000000000211479061000108ANDRADE SOARES LOPES LTDA               Rua Lehar David, 05                                 45000445ACORDO ROYALTIES 07/18                                      000177
1                   000902692011248461-9047                   0000000000000009047900000000002               019047      30011400000035000000000000012N070114000000000000000000000000000000000000000000000000000000000000000100060203072634Silvio Antonio Machado de Figueiredo    Avenida JK , 1536                                   37170000Taxa de Franquia - TrÍs Pontas/MG                           000178
1                   000902692011248461-9048                   0000000000000009048700000000002               019048      20081400000001000000000000012N070114060500000000000000000000000000000000000000000000000000000000000211479061000108ANDRADE SOARES LOPES LTDA               Rua Lehar David ,05                                 45000445ACORDO ROYALTIES 08/18                                      000179
1                   000902692011248461-9049                   0000000000000009049500000000002               019049      20091400000001000000000000012N070114060500000000000000000000000000000000000000000000000000000000000211479061000108ANDRADE SOARES LOPES LTDA               Rua Lehar David,05                                  45000445ACORDO ROYALTIES 09/18                                      000180
1                   000902692011248461-9050                   0000000000000009050900000000002               019050      20101400000001000000000000012N070114060500000000000000000000000000000000000000000000000000000000000211479061000108ANDRADE SOARES LOPES LTDA               Rua Lehar David, 05                                 45000445ACORDO ROYALTIES 10/18                                      000181
1                   000902692011248461-9051                   0000000000000009051700000000002               019051      20111400000001000000000000012N070114060500000000000000000000000000000000000000000000000000000000000211479061000108ANDRADE SOARES LOPES LTDA               Rua Lehar David, 05                                 45000445ACORDO ROYALTIES 11/18                                      000182
1                   000902692011248461-9052                   0000000000000009052500000000002               019052      20121400000001000000000000012N070114060500000000000000000000000000000000000000000000000000000000000211479061000108ANDRADE SOARES LOPES LTDA               Rua Lehar David, 05                                 45000445ACORDO ROYALTIES 12/18                                      000183
1                   000902692011248461-9053                   0000000000000009053300000000002               019053      20011500000001000000000000012N070114060500000000000000000000000000000000000000000000000000000000000211479061000108ANDRADE SOARES LOPES LTDA               Rua Lehar David,05                                  45000445ACORDO ROYALTIES 13/18                                      000184
1                   000902692011248461-9054                   0000000000000009054100000000002               019054      20021500000001000000000000012N070114060500000000000000000000000000000000000000000000000000000000000211479061000108ANDRADE SOARES LOPES LTDA               Rua Lehar David, 05                                 45000445ACORDO ROYALTIES 14/18                                      000185
1                   000902692011248461-9055                   0000000000000009055P00000000002               019055      20031500000001000000000000012N070114060500000000000000000000000000000000000000000000000000000000000211479061000108ANDRADE SOARES LOPES LTDA               Rua Lehar David,05                                  45000445ACORDO ROYALTIES 15/18                                      000186
1                   000902692011248461-9056                   0000000000000009056800000000002               019056      20041500000001000000000000012N070114060500000000000000000000000000000000000000000000000000000000000211479061000108ANDRADE SOARES LOPES LTDA               Rua Lehar David,05                                  45000445ACORDO ROYALTIES 16/18                                      000187
1                   000902692011248461-9057                   0000000000000009057600000000002               019057      20051500000001000000000000012N070114060500000000000000000000000000000000000000000000000000000000000211479061000108ANDRADE SOARES LOPES LTDA               Rua Lehar David,05                                  45000445ACORDO ROYALTIES 17/18                                      000188
1                   000902692011248461-9058                   0000000000000009058400000000002               019058      20061500000001000000000000012N070114060500000000000000000000000000000000000000000000000000000000000211479061000108ANDRADE SOARES LOPES LTDA               Rua Lehar David,05                                  45000445ACORDO ROYALTIES 18/18                                      000189
9                                                                                                                                                                                                                                                                                                                                                                                                         000190