01REMESSA01COBRANCA       00000000000004130991SISTEMA DE CARTóRIO CERTIDõES 237BRADESCO       070514        MX0000716                                                                                                                                                                                                                                                                                     000001
1                   000902692011248461-10283                  0000000000000010283300000000002               3110283     06061400000009000000000000012N060514000000000000000000000000000000000000000000000000000000000000000100002300883929MARCOS PAULO LANZNASTER                 Rua Adaci Santos gomes, 113                         88332115Taxa de Franquia - Balneário Camboriú/SC 2ª parcela         000002
9                                                                                                                                                                                                                                                                                                                                                                                                         000003