01REMESSA01COBRANCA       00000000000004130991SISTEMA DE CARTóRIO CERTIDõES 237BRADESCO       080814        MX0000738                                                                                                                                                                                                                                                                                     000001
1                   000902692011248461-11201                  0000000000000011201400000000002               0111201     15081400000000300640000000012N050814120000000000001000000000000000000000000000000000000000000000000100017683448842LUIS MARTINS NETTO                      Rua Júlio Ribeiro,243-LOJA 224                      03010030                                                            000002
1                   000902692011248461-11206                  0000000000000011206500000000002               0111206     16081400000000500000000000012N060814120000000000001670000000000000000000000000000000000000000000000262232889000190Banco Daycoval S/A                      Avenida Paulista ,1793-02º Andar                    01311200                                                            000003
1                   000902692011248461-11203                  0000000000000011203000000000002               0111203     15081400000000188000000000012N050814120000000000000630000000000000000000000000000000000000000000000216587135000135SBA Torres Brasil, Limitada             Alameda Madeira,222-15º andar                       06454010                                                            000004
1                   000902692011248461-11204                  0000000000000011204900000000002               0111204     15081400000000120000000000012N050814120000000000000400000000000000000000000000000000000000000000000260746948288620237 Banco Bradesco S.A.                 Av Comendador Sant`anna,,1154                       05866000                                                            000005
1                   000902692011248461-11207                  0000000000000011207300000000002               0111207     16081400000000738750000000012N060814120000000000002460000000000000000000000000000000000000000000000262232889000190Banco Daycoval S/A                      Avenida Paulista ,1793-02º Andar                    01311200                                                            000006
1                   000902692011248461-11208                  0000000000000011208100000000002               0111208     16081400000000600000000000012N060814120000000000002000000000000000000000000000000000000000000000000262232889000190Banco Daycoval S/A                      Avenida Paulista ,1793-02º Andar                    01311200                                                            000007
1                   000902692011248461-11209                  0000000000000011209P00000000002               0111209     16081400000000280000000000012N060814120000000000000930000000000000000000000000000000000000000000000262232889000190Banco Daycoval S/A                      Avenida Paulista ,1793-02º Andar                    01311200                                                            000008
1                   000902692011248461-11210                  0000000000000011210300000000002               0111210     16081400000000400000000000012N060814120000000000001330000000000000000000000000000000000000000000000262232889000190Banco Daycoval S/A                      Avenida Paulista ,1793-02º Andar                    01311200                                                            000009
1                   000902692011248461-11211                  0000000000000011211100000000002               0111211     20081400000000545100000000012N070814000000000000000000000000000000000000000000000000000000000000000218101849000117ANA PAULA CALICCHIO FERRAZ ME           AV.DR JOÃO CARLOS 14                                37800000                                                            000010
1                   000902692011248461-11212                  0000000000000011212P00000000002               0111212     17081400000000352000000000012N070814120000000000001170000000000000000000000000000000000000000000000217184037010506389 Banco Mercantil do Brasil S.A.      Avenida Paulista ,923                               01311100                                                            000011
1                   000902692011248461-11213                  0000000000000011213800000000002               0111213     08081400000000500000000000012N070814000000000000001670000000000000000000000000000000000000000000000103781158000134DESTRO & CABRAL INTERMEDIAÇÃO CARTORÁRIAAv. da Saudade,246                                  14840000Protesto após 5 dias                                        000012
1                   000902692011248461-11214                  0000000000000011214600000000002               0111214     08081400000000500000000000012N070814000000000000001670000000000000000000000000000000000000000000000118678770000153CHIMACHI E COGHI INTERMEDIAÇÃO CARTORÁRIRua Antônio Mourão,84-SL 03                         13610090Protesto após 5 dias                                        000013
1                   000902692011248461-11215                  0000000000000011215400000000002               0111215     08081400000000350000000000012N070814000000000000001170000000000000000000000000000000000000000000000118465701000161SANDRA RODRIGUES DE JESUS - EIRELI - ME Rua Tito Fulgêncio,164-SL 106, Galeria C            38500000Protesto após 5 dias                                        000014
1                   000902692011248461-11216                  0000000000000011216200000000002               0111216     08081400000000500000000000012N070814000000000000001670000000000000000000000000000000000000000000000118950650000163NOVA ERA INTERMEDIAÇÃO CARTORARIA LTDA -Av. Rui Barbosa,72-SL 13                            11740970Protesto após 5 dias                                        000015
1                   000902692011248461-11217                  0000000000000011217000000000002               0111217     08081400000000500000000000012N070814000000000000001670000000000000000000000000000000000000000000000118536552000184CAMPOS DO JORDAO INTERMEDIACAO CARTORARIRua Brigadeiro Jordão,636                           12460000Protesto após 5 dias                                        000016
1                   000902692011248461-11218                  0000000000000011218900000000002               0111218     08081400000000700000000000012N070814000000000000002330000000000000000000000000000000000000000000000118758564000153M & M INTERMEDIAÇÃO CARTORÁRIA LTDA - MERua Dom Luis Felipe de Orleans,1177                 02118001Protesto após 5 dias                                        000017
1                   000902692011248461-11219                  0000000000000011219700000000002               0111219     08081400000001000000000000012N070814000000000000003330000000000000000000000000000000000000000000000119166528000163ESANNF â€“ SERVIÃ‡OS DE APOIO AS EMPRESARua do Arroz,90-SL 451                              21011070Protesto após 5 dias                                        000018
1                   000902692011248461-11220                  0000000000000011220000000000002               0111220     08081400000000350000000000012N070814000000000000001170000000000000000000000000000000000000000000000118717359000140FAVARO INTERMEDIAÇÃO CARTORÁRIA LTDA -MEAv. Cinco,300                                       14620000Protesto após 5 dias                                        000019
1                   000902692011248461-11221                  0000000000000011221900000000002               0111221     08081400000001000000000000012N070814000000000000003330000000000000000000000000000000000000000000000118592122000180JET-POST INTERMEDIAÇÃO CARTORÁRIA LTDA -Av. Santo Amaro,1198                                04506001Protesto após 5 dias                                        000020
1                   000902692011248461-11222                  0000000000000011222700000000002               0111222     08081400000000500000000000012N070814000000000000001670000000000000000000000000000000000000000000000118995227000180MM SERVIÇO DE INTERMEDIAÇÃO DE NEGOCIO LAv. Coumbiara,4489                                  76940000Protesto após 5 dias                                        000021
1                   000902692011248461-11223                  0000000000000011223500000000002               0111223     08081400000000500000000000012N070814000000000000001670000000000000000000000000000000000000000000000119204476000172ICSF - INTERMEDIAÇÃO CARTORARIA SAPONARARua Sebastião Silvestre Neves,279-LJ 28             11600000Protesto após 5 dias                                        000022
1                   000902692011248461-11224                  0000000000000011224300000000002               0111224     08081400000000500000000000012N070814000000000000001670000000000000000000000000000000000000000000000114445177000106Bruce Costa Vilafranca - ME             Rua Paschoal Gianfrancesco,60-Salão 10              13224700Protesto após 5 dias                                        000023
1                   000902692011248461-11225                  0000000000000011225100000000002               0111225     08081400000000500000000000012N070814000000000000001670000000000000000000000000000000000000000000000118917837000165VALE FV - INTERMEDIACAO CARTORARIA LTDA Rua Bernardino de Campos,44-SL 26/27, 1º            12308010Protesto após 5 dias                                        000024
1                   000902692011248461-11226                  0000000000000011226P00000000002               0111226     08081400000000500000000000012N070814000000000000001670000000000000000000000000000000000000000000000119448391000130YANA SANTOS SOUTO MAIOR VIEIRA - ME     Av. Agamenon Magalhães,444-SL 426                   55012290Protesto após 5 dias                                        000025
1                   000902692011248461-11227                  0000000000000011227800000000002               0111227     08081400000000500000000000012N070814000000000000001670000000000000000000000000000000000000000000000119044805000165RB CONSULTORIA E ASSESSORIA EIRELI      Rua Eliseu Guilherme,724                            14025020Protesto após 5 dias                                        000026
1                   000902692011248461-11228                  0000000000000011228600000000002               0111228     08081400000000500000000000012N070814000000000000001670000000000000000000000000000000000000000000000119716906000135MGM INTERMEDIAÇÃO CARTORARIA LTDA - ME  Rua Nabuco Araujo,74 B                              11025010Protesto após 5 dias                                        000027
1                   000902692011248461-11229                  0000000000000011229400000000002               0111229     08081400000000500000000000012N070814000000000000001670000000000000000000000000000000000000000000000119137241000105OLIVEIRA E VALDEZ INTERMEDIAÇÕES CARTORÁAlameda Doutor Carlos de Carvalho,655-LJ            80430180Protesto após 5 dias                                        000028
1                   000902692011248461-11230                  0000000000000011230800000000002               0111230     08081400000001000000000000012N070814000000000000003330000000000000000000000000000000000000000000000116990226000117E. ROFELD SERVIÇOS ADMINISTRATIVOS ME   Av. Angélica,1814-CJ 606                            01228200Protesto após 5 dias                                        000029
1                   000902692011248461-11231                  0000000000000011231600000000002               0111231     08081400000001000000000000012N070814000000000000003330000000000000000000000000000000000000000000000113031763000141QUALY SERVIÇOS CARTORÁRIOS LTDA         Est. do Gabinal,313-LJ 215-216                      22760151Protesto após 5 dias                                        000030
1                   000902692011248461-11232                  0000000000000011232400000000002               0111232     08081400000000500000000000012N070814000000000000001670000000000000000000000000000000000000000000000119219421000136OK INTERMEDIAÇAO CARTORARIA LTDA        Rua Jeronimo Coelho,140-SL 04                       89201205Protesto após 5 dias                                        000031
1                   000902692011248461-11233                  0000000000000011233200000000002               0111233     08081400000001000000000000012N070814000000000000003330000000000000000000000000000000000000000000000119344677000175Fontenelle, Viana & Santos IntermediaçãoRua Conde de Bonfim,310-Subsolo - LJ G              20520054Protesto após 5 dias                                        000032
1                   000902692011248461-11234                  0000000000000011234000000000002               0111234     08081400000000500000000000012N070814000000000000001670000000000000000000000000000000000000000000000119156294000173SIMPLES E ASSIM INTERMEDIAÇÃO CARTORÁRIARua Visconde do Rio Branco,824                      18602000Protesto após 5 dias                                        000033
1                   000902692011248461-11235                  0000000000000011235900000000002               0111235     08081400000000500000000000012N070814000000000000001670000000000000000000000000000000000000000000000119152213000167MAIS FACIL INTERMEDIAÇÃO CARTORARIA     Av. Cel. Manoel Inocêncio,631-LJ 17                 12281010Protesto após 5 dias                                        000034
1                   000902692011248461-11236                  0000000000000011236700000000002               0111236     08081400000000500000000000012N070814000000000000001670000000000000000000000000000000000000000000000119571061000137KAIROS PRESTAÇÃO DE SERVIÇOS E INTERMEDIRua T,02-QD 02, Lote 09, Sala 08                    77064566Protesto após 5 dias                                        000035
1                   000902692011248461-11237                  0000000000000011237500000000002               0111237     08081400000000500000000000012N070814000000000000001670000000000000000000000000000000000000000000000117909648000188CAME - CACIM AMOEDO MEDRADO EMPREENDIMENRua Francisco Drumond,36 A                          42800500Protesto após 5 dias                                        000036
1                   000902692011248461-11238                  0000000000000011238300000000002               0111238     08081400000000500000000000012N070814000000000000001670000000000000000000000000000000000000000000000119376967000109INOVAÇÃO SERVIÇOS DE APOIO ADMINISTRATIVRua Coronel João Urbano,85                          37002350Protesto após 5 dias                                        000037
1                   000902692011248461-11239                  0000000000000011239100000000002               0111239     08081400000000500000000000012N070814000000000000001670000000000000000000000000000000000000000000000118939109000154J.B. NASCIMENTO INTERMEDIAÇÃO CARTORARIARua Pará,3222                                       15502236Protesto após 5 dias                                        000038
1                   000902692011248461-11240                  0000000000000011240500000000002               0111240     08081400000001000000000000012N070814000000000000003330000000000000000000000000000000000000000000000119353380000176RODOPOSTALLE SERVICOS CARTORARIOS LTDA -Rua Flores do Piauí,99-SL 03, 1º Andar              08210200Protesto após 5 dias                                        000039
1                   000902692011248461-11241                  0000000000000011241300000000002               0111241     08081400000000500000000000012N070814000000000000001670000000000000000000000000000000000000000000000119079601000160M & E INTERMEDIAÇÃO CARTORÁRIA LTDA - MERua João Cesar de Oliveira,2295-SL 101,             32315000Protesto após 5 dias                                        000040
1                   000902692011248461-11242                  0000000000000011242100000000002               0111242     08081400000000500000000000012N070814000000000000001670000000000000000000000000000000000000000000000119054315000140FERNANDA MUNDOSTOCK RAYMUNDO EPP        Av. José de Alencar,729                             90880481Protesto após 5 dias                                        000041
1                   000902692011248461-11243                  0000000000000011243P00000000002               0111243     08081400000000300000000000012N070814000000000000001000000000000000000000000000000000000000000000000119318001000107SOBRAL INTERMEDIAÇÃO DE DOCUMENTOS LTDA Rua Tabelião Ildefonso Cavalcante,417               62010015Protesto após 5 dias                                        000042
1                   000902692011248461-11244                  0000000000000011244800000000002               0111244     08081400000001000000000000012N070814000000000000003330000000000000000000000000000000000000000000000119451478000166MELLO 7 LEBLON SERVIÇOS DE DESPACHANTES Av. Ataulfo de Paiva,1174-SL 05                     22440035Protesto após 5 dias                                        000043
1                   000902692011248461-11245                  0000000000000011245600000000002               0111245     08081400000001000000000000012N070814000000000000003330000000000000000000000000000000000000000000000119667269000154ANDRADE CONSULTORIA E INTERMEDIAÇÃO CARTAv. Dantas Barreto,1090-5ºAndar, Edf. Sa            50020000Protesto após 5 dias                                        000044
1                   000902692011248461-11246                  0000000000000011246400000000002               0111246     08081400000001000000000000012N070814000000000000003330000000000000000000000000000000000000000000000110329307000194MCDI INTERMEDIAÇÕES CARTORÁRIAS LTDA - MRua Sargento João Lopes,263                         21931420Protesto após 5 dias                                        000045
1                   000902692011248461-11247                  0000000000000011247200000000002               0111247     08081400000000500000000000012N070814000000000000001670000000000000000000000000000000000000000000000108490584000132M.C. RABHA SERVIÇOS ADMINISTRATIVOS     Rua da Conceição,132-SL 201                         23900435Protesto após 5 dias                                        000046
1                   000902692011248461-11248                  0000000000000011248000000000002               0111248     08081400000001000000000000012N070814000000000000003330000000000000000000000000000000000000000000000119533129000193ATS - ALTRAN SERVICOS EMPRESARIAIS LTDA Av. Conselheiro Carrão,2300-CJ 91                   03403001Protesto após 5 dias                                        000047
1                   000902692011248461-11249                  0000000000000011249900000000002               0111249     08081400000000500000000000012N070814000000000000001670000000000000000000000000000000000000000000000119626247000146PAGANI INTERMEDIAÇÃO CARTORÁRIA LTDA    Av. Plínio Arlindo de Nês,1372-SL 01                89825000Protesto após 5 dias                                        000048
1                   000902692011248461-11250                  0000000000000011250200000000002               0111250     08081400000000500000000000012N070814000000000000001670000000000000000000000000000000000000000000000119780195000168FRANÇA E SOUZA INTERMEDIAÇÃO CARTORÁRIA Av. Braz de Pina,2073-SL 204                        21235604Protesto após 5 dias                                        000049
1                   000902692011248461-11251                  0000000000000011251000000000002               0111251     08081400000001000000000000012N070814000000000000003330000000000000000000000000000000000000000000000116731938000111ANTTARES CONSULTORIA E INTERMEDIAÇÃO CARAv. Dr. Eduardo Cotching,1800 A                     03356000Protesto após 5 dias                                        000050
1                   000902692011248461-11252                  0000000000000011252900000000002               0111252     08081400000000500000000000012N070814000000000000001670000000000000000000000000000000000000000000000119899797000139GESING E SILVA PREPARAÇÃO DE DOCUMENTOS Rua Alameda Aristiliano Ramos,768-SL 03             81160000Protesto após 5 dias                                        000051
1                   000902692011248461-11253                  0000000000000011253700000000002               0111253     08081400000000500000000000012N070814000000000000001670000000000000000000000000000000000000000000000119725172000150CNF INTERMEDIAÇÃO CARTORÁRIA ME         Rua Sete,2353                                       15700014Protesto após 5 dias                                        000052
1                   000902692011248461-11254                  0000000000000011254500000000002               0111254     08081400000000500000000000012N070814000000000000001670000000000000000000000000000000000000000000000120063736000116RAHJ SOLUÇÕES LTDA EPP                  Estrada Rio-São Paulo,17-LJ 19                      23898000Protesto após 5 dias                                        000053
1                   000902692011248461-11255                  0000000000000011255300000000002               0111255     08081400000000500000000000012N070814000000000000001670000000000000000000000000000000000000000000000119756945000166MADAME´S INTERMEDIAÇÃO CARTORARIA LTDA -Av. Caminho do Mar,3215                             09611000Protesto após 5 dias                                        000054
1                   000902692011248461-11256                  0000000000000011256100000000002               0111256     08081400000001000000000000012N070814000000000000003330000000000000000000000000000000000000000000000119831382000123INTERMEDIAÇÃO CARTORÁRIA GADINI LTDA - MRua Maria Cândida,1159-Sala 02                      02071012Protesto após 5 dias                                        000055
1                   000902692011248461-11257                  0000000000000011257P00000000002               0111257     08081400000000500000000000012N070814000000000000001670000000000000000000000000000000000000000000000119955865000130V G M SERVIÇOS E INTERMEDIAÇÃO CARTÓRARIRua Dr. Justo Pedrosa,380 A                         65800000Protesto após 5 dias                                        000056
1                   000902692011248461-11258                  0000000000000011258800000000002               0111258     08081400000000500000000000012N070814000000000000001670000000000000000000000000000000000000000000000120062349000165MASTER INTERMEDIAÇÕES CARTORÁRIAS E SERVRua Salvador Mendonça,51-SL 101                     24800161Protesto após 5 dias                                        000057
1                   000902692011248461-11259                  0000000000000011259600000000002               0111259     08081400000001000000000000012N070814000000000000003330000000000000000000000000000000000000000000000115007025000194F V REPRESENTAÇÃO COMERCIAL LTDA        Rua Visconde de Quissamã,315-LJ 01                  27910020Protesto após 5 dias                                        000058
1                   000902692011248461-11260                  0000000000000011260P00000000002               0111260     08081400000000500000000000012N070814000000000000001670000000000000000000000000000000000000000000000119790066000150CAMARGO E JARABIZA LTDA - ME            Rua Raimundo Leonardi,1656-Sala 01                  85900110Protesto após 5 dias                                        000059
1                   000902692011248461-11261                  0000000000000011261800000000002               0111261     08081400000000500000000000012N070814000000000000001670000000000000000000000000000000000000000000000112016343000123RICARDO CANDIOTA ROMANO 00351305980     Rua Arnoldo Candido Raulino,27-SL 103               88070710Protesto após 5 dias                                        000060
1                   000902692011248461-11262                  0000000000000011262600000000002               0111262     08081400000000500000000000012N070814000000000000001670000000000000000000000000000000000000000000000111198466000160GOMES & KUNCEVICIUS LTDA ME             Av. Prisciliana de Castilho,374-SL 06               11660330Protesto após 5 dias                                        000061
1                   000902692011248461-10677                  0000000000000010677400000000002               0210677     15081400000010000000000000012N090614000000000000000000000000000000000000000000000000000000000000000100050093967420ERICSON ALVES MONTEIRO                  RUA CATULO DA PAIXÃO CEARENSE, Nº 1239              53120010Taxa de Franquia - Olinda/PE 2ª Parc.                       000062
1                   000902692011248461-10677                  0000000000000010677400000000002               0210677     15081400000010000000000000012N090614000000000000000000000000000000000000000000000000000000000000000100050093967420ERICSON ALVES MONTEIRO                  RUA CATULO DA PAIXÃO CEARENSE, Nº 1239              53120010Taxa de Franquia - Olinda/PE 2ª Parc.                       000063
9                                                                                                                                                                                                                                                                                                                                                                                                         000064