01REMESSA01COBRANCA       00000000000004130991SISTEMA DE CARTóRIO CERTIDõES 237BRADESCO       090114        MX0000691                                                                                                                                                                                                                                                                                     000001
1                   000902692011248461-9059                   0000000000000009059200000000002               019059      27011400000000112000000000012N070114120000000000000370000000000000000000000000000000000000000000000207698352000101MUTINGA EMPREENDIMENTOS IMOBILIARIOS LTDAvenida Paulista,1374-13º e 14º andar               01310100                                                            000002
1                   000902692011248461-9060                   0000000000000009060600000000002               019060      17011400000000056000000000012N070114120000000000000190000000000000000000000000000000000000000000000211134271000156GOLD FARB 6 EMPREENDIMENTOS IMOBILIARIOSAvenida Paulista,1374-13º e 14º andar               01310100                                                            000003
1                   000902692011248461-9061                   0000000000000009061400000000002               019061      27011400000000046500000000012N070114000000000000000000000000000000000000000000000000000000000000000207960724000126WAURA EMPREENDIMENTOS IMOBILIARIOS LTDA Rua Gomes de Carvalho, 1510 6 andar                 04547006                                                            000004
1                   000902692011248461-9062                   0000000000000009062200000000002               019062      27011400000000102500000000012N070114000000000000000000000000000000000000000000000000000000000000000210899967000100GOLD LEROS EMPREENDIMENTOS IMOBILIARIOS AV. PAULISTA 1374, ANDAR 13                         01310000                                                            000005
1                   000902692011248461-9063                   0000000000000009063000000000002               019063      10101400000000500000000000012N080114060500000000000000000000000000000000000000000000000000000000000217292398000180DOTTON INTERMEDIACAO CARTORARIA LTDA - MRua Senador Fláquer ,241                            09010160Royalties Dezembro/2013                                     000006
1                   000902692011248461-9064                   0000000000000009064900000000002               019064      20011400000002000000000000012N080114060500000000000000000000000000000000000000000000000000000000000217292398000180DOTTON INTERMEDIACAO CARTORARIA LTDA - MRua Senador Fláquer, 241                            09010160ACORDO ROYALTIES 1/4                                        000007
1                   000902692011248461-9065                   0000000000000009065700000000002               019065      14021400000002000000000000012N080114060500000000000000000000000000000000000000000000000000000000000217292398000180DOTTON INTERMEDIACAO CARTORARIA LTDA - MRua Senador Fláquer,241                             09010160ACORDO ROYALTIES 2/4                                        000008
1                   000902692011248461-9066                   0000000000000009066500000000002               019066      14031400000002000000000000012N080114060500000000000000000000000000000000000000000000000000000000000217292398000180DOTTON INTERMEDIACAO CARTORARIA LTDA - MRua Senador Fláquer ,241                            09010160ACORDO ROYALTIES 3/4                                        000009
1                   000902692011248461-9067                   0000000000000009067300000000002               019067      25031400000002000000000000012N080114060500000000000000000000000000000000000000000000000000000000000217292398000180DOTTON INTERMEDIACAO CARTORARIA LTDA - MRua Senador Fláquer, 241                            09010160ACORDO ROYALTIES 4/4                                        000010
1                   000902692011248461-9068                   0000000000000009068100000000002               019068      18011400000001194020000000012N080114120000000000003980000000000000000000000000000000000000000000000262232889000190Banco Daycoval S/A                      Avenida Paulista ,1793-02º Andar                    01311200                                                            000011
1                   000902692011248461-9069                   0000000000000009069P00000000002               019069      18011400000001846000000000012N0801141200000000000061500000000000000000000000000000000000000000000002000000005070911 Banco do Brasil S.A.                  Rua Doutor César,530-11º andar                      02013002                                                            000012
1                   000902692011248461-9070                   0000000000000009070300000000002               019070      18011400000002008000000000012N0801141200000000000066900000000000000000000000000000000000000000000002000000005070911 Banco do Brasil S.A.                  Rua Doutor César ,530-11º andar                     02013002                                                            000013
1                   000902692011248461-9071                   0000000000000009071100000000002               019071      10011400000003800000000000012N090114000000000000000000000000000000000000000000000000000000000000000211163439000151RF – Serviços de Documentação Ltda.     Av. Castelo Branco, 173 A                           6507609020% taxa de subfranquia de Chapadinha / MA                  000014
1                   000902692011248461-9072                   0000000000000009072P00000000002               019072      20021400000001202860000000012N090114060500000000000000000000000000000000000000000000000000000000000214567761000134ABEN INTERMEDIACAO CARTORARIA LTDA ME   Rua Coronel Manoel Borges, 321                      38010410Acordo Royalties 2/3                                        000015
1                   000902692011248461-9073                   0000000000000009073800000000002               019073      20031400000001202860000000012N090114060500000000000000000000000000000000000000000000000000000000000214567761000134ABEN INTERMEDIACAO CARTORARIA LTDA ME   Rua Coronel Manoel Borges, 321                      38010410Acordou Royalties 3/3                                       000016
1                   000902692011248461-9074                   0000000000000009074600000000002               019074      10021400000010000000000000012N090114000000000000000000000000000000000000000000000000000000000000000100007806414932Marity Eyng Nuernberg                   Av. Santos Dumont, 1281                             88803200Taxa de Franquia - Criciúma/SC 2ª Parc.                     000017
1                   000902692011248461-8837                   0000000000000008837700000000002               068837      13011400000000965400000000012N271213120000000000010000000000000000000000000000000000000000000000000262232889000190Banco Daycoval S/A                      Avenida Paulista ,1793-02º Andar                    01311200                                                            000018
1                   000902692011248461-9039                   0000000000000009039800000000002               069039      09011400000000500000000000012N070114000000000000010000000000000000000000000000000000000000000000000118939109000154J.B. NASCIMENTO INTERMEDIAÇÃO CARTORARIARua Pará,3222                                       15502236Protesto após 5 dias                                        000019
9                                                                                                                                                                                                                                                                                                                                                                                                         000020