01REMESSA01COBRANCA       00000000000004130991SISTEMA DE CARTóRIO CERTIDõES 237BRADESCO       090614        MX0000726                                                                                                                                                                                                                                                                                     000001
1                   000902692011248461-10673                  0000000000000010673100000000002               0110673     10071400000015000000000000012N090614000000000000000000000000000000000000000000000000000000000000000100097130486520IGOR COSTA SANTOS                       AV. GOV. ROBERTO SANTOS BL. 8 APTO. 32              45658630Taxa de Franquia - Itabuna/BA 2ª parc.                      000002
1                   000902692011248461-10674                  0000000000000010674P00000000002               0110674     14061400000010000000000000012N090614000000000000000000000000000000000000000000000000000000000000000100000836309456RAFAEL NUNES DA SILVA                   R ROSÂNGELA C. DA CUNHA, Nº 225 ap 22               53605007Taxa de Franquia - Jaboatão dos Guararapes/PE 1ª Parc.      000003
1                   000902692011248461-10675                  0000000000000010675800000000002               0110675     14071400000010000000000000012N090614000000000000000000000000000000000000000000000000000000000000000100000836309456RAFAEL NUNES DA SILVA                   R ROSÂNGELA C. DA CUNHA, Nº 225 ap 22               53605007Taxa de Franquia - Jaboatão dos Guararapes/PE 2ª Parc.      000004
1                   000902692011248461-10676                  0000000000000010676600000000002               0110676     14061400000015000000000000012N090614000000000000000000000000000000000000000000000000000000000000000100050093967420ERICSON ALVES MONTEIRO                  RUA CATULO DA PAIXÃO CEARENSE, Nº 1239              53120010Taxa de Franquia - Olinda/PE 1ª Parc.                       000005
1                   000902692011248461-10677                  0000000000000010677400000000002               0110677     14071400000010000000000000012N090614000000000000000000000000000000000000000000000000000000000000000100050093967420ERICSON ALVES MONTEIRO                  RUA CATULO DA PAIXÃO CEARENSE, Nº 1239              53120010Taxa de Franquia - Olinda/PE 2ª Parc.                       000006
1                   000902692011248461-10432                  0000000000000010432100000000002               0610432     11061400000000963330000000012N300514120000000000010000000000000000000000000000000000000000000000000262232889000190Banco Daycoval S/A                      Avenida Paulista ,1793-02º Andar                    01311200                                                            000007
1                   000902692011248461-10299                  0000000000000010299P00000000002               0610299     13061400000000180400000000012N120514120000000000010000000000000000000000000000000000000000000000000200360305025441104 Caixa Econômica Federal             Rua Joaquim Floriano,446                            04534002                                                            000008
9                                                                                                                                                                                                                                                                                                                                                                                                         000009