01REMESSA01COBRANCA       00000000000004130991SISTEMA DE CARTóRIO CERTIDõES 237BRADESCO       100714        MX0000730                                                                                                                                                                                                                                                                                     000001
1                   000902692011248461-10951                  0000000000000010951P00000000002               0110951     20071400000000515440000000012N100714120000000000001720000000000000000000000000000000000000000000000217184037010506389 Banco Mercantil do Brasil S.A.      Avenida Paulista ,923                               01311100                                                            000002
1                   000902692011248461-10952                  0000000000000010952800000000002               0110952     15071400000050000000000000012N100714000000000000000000000000000000000000000000000000000000000000000100007867596747Isabele Moura de Bivar                  Rua Visconde De Santa Isabel, 161                   20560120Taxa de Franquia - Rio de Janeiro/RJ                        000003
1                   000902692011248461-10953                  0000000000000010953600000000002               0110953     20071400000000375000000000012N100714000000000000000000000000000000000000000000000000000000000000000214567761000134ABEN INTERMEDIACAO CARTORARIA LTDA ME   Av. Leopoldino de Oliveira, 4464                    380600002/12 - ACORDO ROYALTIES                                     000004
1                   000902692011248461-10954                  0000000000000010954400000000002               0110954     20081400000000375000000000012N100714000000000000000000000000000000000000000000000000000000000000000214567761000134ABEN INTERMEDIACAO CARTORARIA LTDA ME   Av. Leopoldino de Oliveira, 4464                    380600003/12 - ACORDO ROYALTIES                                     000005
1                   000902692011248461-10955                  0000000000000010955200000000002               0110955     20091400000000375000000000012N100714000000000000000000000000000000000000000000000000000000000000000214567761000134ABEN INTERMEDIACAO CARTORARIA LTDA ME   Av. Leopoldino de Oliveira, 4464                    380600004/12 - ACORDO ROYALTIES                                     000006
1                   000902692011248461-10956                  0000000000000010956000000000002               0110956     20101400000000375000000000012N100714000000000000000000000000000000000000000000000000000000000000000214567761000134ABEN INTERMEDIACAO CARTORARIA LTDA ME   Av. Leopoldino de Oliveira, 4464                    380600005/12 - ACORDO ROYALTIES                                     000007
1                   000902692011248461-10957                  0000000000000010957900000000002               0110957     20111400000000375000000000012N100714000000000000000000000000000000000000000000000000000000000000000214567761000134ABEN INTERMEDIACAO CARTORARIA LTDA ME   Av. Leopoldino de Oliveira, 4464                    380600006/12 - ACORDO ROYALTIES                                     000008
1                   000902692011248461-10958                  0000000000000010958700000000002               0110958     20121400000000375000000000012N100714000000000000000000000000000000000000000000000000000000000000000214567761000134ABEN INTERMEDIACAO CARTORARIA LTDA ME   Av. Leopoldino de Oliveira, 4464                    380600007/12 - ACORDO DE ROYALTIES                                  000009
1                   000902692011248461-10959                  0000000000000010959500000000002               0110959     20011500000000375000000000012N100714000000000000000000000000000000000000000000000000000000000000000214567761000134ABEN INTERMEDIACAO CARTORARIA LTDA ME   Av. Leopoldino de Oliveira ,4464                    380600008/12 - ACORDO ROYALTIES                                     000010
1                   000902692011248461-10960                  0000000000000010960900000000002               0110960     20021500000000375000000000012N100714000000000000000000000000000000000000000000000000000000000000000214567761000134ABEN INTERMEDIACAO CARTORARIA LTDA ME   Av. Leopoldino de Oliveira, 4464                    380600009/12 ACORDO ROYALTIES                                       000011
1                   000902692011248461-10961                  0000000000000010961700000000002               0110961     20031500000000375000000000012N100714000000000000000000000000000000000000000000000000000000000000000214567761000134ABEN INTERMEDIACAO CARTORARIA LTDA ME   Av. Leopoldino de Oliveira, 4464                    3806000010/12 ACORDO ROYALTIES                                      000012
1                   000902692011248461-10962                  0000000000000010962500000000002               0110962     20041500000000375000000000012N100714000000000000000000000000000000000000000000000000000000000000000214567761000134ABEN INTERMEDIACAO CARTORARIA LTDA ME   Av. Leopoldino de Oliveira, 4464                    3806000011/12 ACORDO ROYALTIES                                      000013
1                   000902692011248461-10963                  0000000000000010963300000000002               0110963     20051500000000375000000000012N100714000000000000000000000000000000000000000000000000000000000000000214567761000134ABEN INTERMEDIACAO CARTORARIA LTDA ME   Av. Leopoldino de Oliveira, 4464                    3806000012/12 ACORDO ROYALTIES                                      000014
1                   000902692011248461-10964                  0000000000000010964100000000002               0110964     20071400000000360000000000012N100714120000000000001200000000000000000000000000000000000000000000000205888414000112CREAÇÕES MX FASHION LIMITADA            Rua Aimorés - lado par,210                          01122010                                                            000015
1                   000902692011248461-10897                  0000000000000010897100000000002               3110897     11071400000000600000000000012N030714000000000000010000000000000000000000000000000000000000000000000118758564000153M & M INTERMEDIAÇÃO CARTORÁRIA LTDA - MERua Dom Luis Felipe de Orleans,1177                 02118001Protesto após 5 dias                                        000016
1                   000902692011248461-10897                  0000000000000010897100000000002               0610897     11071400000000600000000000012N030714000000000000010000000000000000000000000000000000000000000000000118758564000153M & M INTERMEDIAÇÃO CARTORÁRIA LTDA - MERua Dom Luis Felipe de Orleans,1177                 02118001Protesto após 5 dias                                        000017
9                                                                                                                                                                                                                                                                                                                                                                                                         000018