01REMESSA01COBRANCA       00000000000004130991SISTEMA DE CARTóRIO CERTIDõES 237BRADESCO       100614        MX0000727                                                                                                                                                                                                                                                                                     000001
1                   000902692011248461-10678                  0000000000000010678200000000002               0110678     20061400000000176000000000012N100614120000000000000590000000000000000000000000000000000000000000000262232889000190Banco Daycoval S/A                      Avenida Paulista ,1793-02º Andar                    01311200                                                            000002
1                   000902692011248461-10679                  0000000000000010679000000000002               0110679     20061400000000788000000000012N100614120000000000002630000000000000000000000000000000000000000000000262232889000190Banco Daycoval S/A                      Avenida Paulista ,1793-02º Andar                    01311200                                                            000003
1                   000902692011248461-10680                  0000000000000010680400000000002               0110680     20061400000001465680000000012N100614120000000000004890000000000000000000000000000000000000000000000262232889000190Banco Daycoval S/A                      Avenida Paulista ,1793-02º Andar                    01311200                                                            000004
1                   000902692011248461-10681                  0000000000000010681200000000002               0110681     20061400000001200000000000012N100614120000000000004000000000000000000000000000000000000000000000000262232889000190Banco Daycoval S/A                      Avenida Paulista ,1793-02º Andar                    01311200                                                            000005
1                   000902692011248461-10682                  0000000000000010682000000000002               0110682     20061400000000188000000000012N100614120000000000000630000000000000000000000000000000000000000000000216587135000135SBA Torres Brasil, Limitada             Alameda Madeira,222-15º andar                       06454010                                                            000006
1                   000902692011248461-10683                  0000000000000010683900000000002               0110683     20061400000000188000000000012N100614120000000000000630000000000000000000000000000000000000000000000216587135000135SBA Torres Brasil, Limitada             Avenida das Nações Unidas,11.857-7º Anda            04795100                                                            000007
1                   000902692011248461-10684                  0000000000000010684700000000002               0110684     20061400000000522400000000012N100614120000000000001740000000000000000000000000000000000000000000000207938950000100FABIO LUCAS DOS SANTOS CONFECÇÕES - ME  Rua Manuel Alves da Rocha,435                       08235620                                                            000008
1                   000902692011248461-10685                  0000000000000010685500000000002               0110685     20061400000000150000000000012N100614120000000000000500000000000000000000000000000000000000000000000204886647000113ALBERTO KIM TECIDOS - EPP               Rua Almirante Barroso ,204                          03025000                                                            000009
1                   000902692011248461-10686                  0000000000000010686300000000002               0110686     20061400000000150000000000012N100614120000000000000500000000000000000000000000000000000000000000000217184037010506389 Banco Mercantil do Brasil S.A.      Avenida Paulista ,923                               01311100                                                            000010
1                   000902692011248461-10687                  0000000000000010687100000000002               0110687     20061400000000100000000000012N100614120000000000000330000000000000000000000000000000000000000000000217184037010506389 Banco Mercantil do Brasil S.A.      Avenida Paulista ,923                               01311100                                                            000011
1                   000902692011248461-10688                  0000000000000010688P00000000002               0110688     20061400000000788000000000012N100614120000000000002630000000000000000000000000000000000000000000000262232889000190Banco Daycoval S/A                      Avenida Paulista ,1793-02º Andar                    01311200                                                            000012
1                   000902692011248461-10689                  0000000000000010689800000000002               0110689     20061400000000100000000000012N100614120000000000000330000000000000000000000000000000000000000000000260746948288620237 Banco Bradesco S.A.                 Av Comendador Sant`anna,,11154                      05866000                                                            000013
1                   000902692011248461-10690                  0000000000000010690100000000002               0110690     20061400000000242820000000012N100614120000000000000810000000000000000000000000000000000000000000000201190978000126ITALIA COMERCIAL TEXTIL LTDA ME         Rua Barão de Itapetininga ,298-04º Andar            01042001                                                            000014
1                   000902692011248461-10691                  0000000000000010691P00000000002               0110691     17061400000029000000000000012N100614000000000000000000000000000000000000000000000000000000000000000100078269989487WEDISLÉIA NUNES DE CARVALHO VILARIM     Rua Luiz Alves de Melo Lima, 300                    56912120Taxa de Franquia - Serra Talhada/PE                         000015
1                   000902692011248461-10658                  0000000000000010658800000000002               0610658     11061400000001000000000000012N050614000000000000010000000000000000000000000000000000000000000000000119451478000166MELLO 7 LEBLON SERVIÇOS DE DESPACHANTES Av. Ataulfo de Paiva,1174-SL 05                     22440035Protesto após 5 dias                                        000016
9                                                                                                                                                                                                                                                                                                                                                                                                         000017