01REMESSA01COBRANCA       00000000000004130991SISTEMA DE CARTóRIO CERTIDõES 237BRADESCO       100314        MX0000703                                                                                                                                                                                                                                                                                     000001
1                   000902692011248461-9474                   0000000000000009474100000000002               019474      15031400000020025260000000012N050314120000000000066750000000000000000000000000000000000000000000000262232889000190353 Banco Santander Brasil S.A - Ag CrédAvenida Interlagos,3501-Casa 3 - Bloco 3            04661300                                                            000002
1                   000902692011248461-9475                   0000000000000009475P00000000002               019475      25031400000000112000000000012N060314120000000000000370000000000000000000000000000000000000000000000207698352000101MUTINGA EMPREENDIMENTOS IMOBILIARIOS LTDAvenida Paulista,1374-13º e 14º andar               01310100                                                            000003
1                   000902692011248461-9476                   0000000000000009476800000000002               019476      25031400000001516900000000012N060314120000000000005060000000000000000000000000000000000000000000000207273982000134PEREIRA BARRETO EMPREENDIMENTOS IMOBILIAAvenida Paulista,1374-13º e 14º andar               01310100                                                            000004
1                   000902692011248461-9477                   0000000000000009477600000000002               019477      25031400000000826420000000012N060314120000000000002750000000000000000000000000000000000000000000000209185079000147GOLD NIGERIA EMPREENDIMENTOS IMOBILIARIOAvenida Paulista,1374-13º e 14º andar               01310100                                                            000005
1                   000902692011248461-9478                   0000000000000009478400000000002               019478      25031400000000335000000000012N060314120000000000001120000000000000000000000000000000000000000000000209185079000147GOLD NIGERIA EMPREENDIMENTOS IMOBILIARIOAvenida Paulista,1374-13º e 14º andar               01310100                                                            000006
1                   000902692011248461-9479                   0000000000000009479200000000002               019479      25031400000000306000000000012N060314120000000000001020000000000000000000000000000000000000000000000211403677000197LBC EMPREENDIMENTO IMOBILIARIO SPE LTDA Avenida Paulista,1374-13º e 14º andar               01310100                                                            000007
1                   000902692011248461-9480                   0000000000000009480600000000002               019480      25031400000000844150000000012N060314120000000000002810000000000000000000000000000000000000000000000210973245000159GOLD GANA EMPREENDIMENTOS IMOBILIARIOS SAvenida Paulista,1374-13º e 14º andar               01310100                                                            000008
1                   000902692011248461-9481                   0000000000000009481400000000002               019481      25031400000001629780000000012N060314120000000000005430000000000000000000000000000000000000000000000207421434000104JARDIM DAS VERTENCES INCOPORADORA SPE LTAvenida Paulista,1374-13º e 14º andar               01310100                                                            000009
1                   000902692011248461-9482                   0000000000000009482200000000002               019482      16031400000000169960000000012N060314120000000000000570000000000000000000000000000000000000000000000209185024000137GOLD IRLANDA EMPREENDIMENTOS IMOBILIARIOAvenida Paulista,1374-13º e 14º andar               01310100                                                            000010
1                   000902692011248461-9483                   0000000000000009483000000000002               019483      25031400000001104280000000012N060314120000000000003680000000000000000000000000000000000000000000000208982379000194GOLD ACRE EMPREENDIMENTOS IMOBILIARIOS SAvenida Paulista,1374-13º e 14º andar               01310100                                                            000011
1                   000902692011248461-9484                   0000000000000009484900000000002               019484      25031400000000541000000000012N060314120000000000001800000000000000000000000000000000000000000000000207698561000155CONDESSA EMPREENDIMENTOS IMOBILIARIOS LTAvenida Paulista,1374-13º e 14º andar               01310100                                                            000012
1                   000902692011248461-9485                   0000000000000009485700000000002               019485      25031400000000317000000000012N060314120000000000001060000000000000000000000000000000000000000000000209665940000174GOLD FOLEGANDROS EMPREENDIMENTOS IMOBILIAvenida Paulista,1374-13º e 14º andar               01310100                                                            000013
1                   000902692011248461-9486                   0000000000000009486500000000002               019486      25031400000000837640000000012N060314120000000000002790000000000000000000000000000000000000000000000210899967000100GOLD LEROS EMPREENDIMENTOS IMOBILIARIOS Avenida Paulista,1374-13º e 14º andar               01310100                                                            000014
1                   000902692011248461-9488                   0000000000000009488100000000002               019488      25031400000000256200000000012N060314120000000000000850000000000000000000000000000000000000000000000208536102000138CONQUISTA EMPREENDIMENTO IMOBILIARIO SPEAvenida Paulista,1374-13º e 14º andar               01310100                                                            000015
1                   000902692011248461-9682                   0000000000000009682500000000002               019682      20031400000000413900000000012N100314120000000000001380000000000000000000000000000000000000000000000216587135000135SBA Torres Brasil, Limitada             Alameda Madeira,222-15º andar                       06454010                                                            000016
1                   000902692011248461-9492                   0000000000000009492P00000000002               019492      25031400000000439800000000012N060314120000000000001470000000000000000000000000000000000000000000000208188603000170ELTANIN INCORPORADORA LTDA              Avenida Paulista,1374-13º e 14º andar               01310100                                                            000017
1                   000902692011248461-9493                   0000000000000009493800000000002               019493      25031400000000085400000000012N060314120000000000000280000000000000000000000000000000000000000000000208994068000145GOLD PANAMA EMPREENDIMENTOS IMOBILIARIOSAvenida Paulista,1374-13º e 14º andar               01310100                                                            000018
1                   000902692011248461-9494                   0000000000000009494600000000002               019494      25031400000000056000000000012N060314120000000000000190000000000000000000000000000000000000000000000212424512000164STKROCK 10 DESENVOLVIMENTO IMOBILIARIO SAvenida Paulista,1374-13º e 14º andar               01310100                                                            000019
1                   000902692011248461-9495                   0000000000000009495400000000002               019495      25031400000000056000000000012N060314120000000000000190000000000000000000000000000000000000000000000208669569000156DRACO INCORPORADORA LTDA                Avenida Paulista,1374-13º e 14º andar               01310100                                                            000020
1                   000902692011248461-9496                   0000000000000009496200000000002               019496      25031400000000410000000000012N060314120000000000001370000000000000000000000000000000000000000000000211444235000199GOLDFARB 38 EMPREEDIMENTOS IMOBILIARIOS Avenida Paulista,1374-13º e 14º andar               01310100                                                            000021
1                   000902692011248461-9497                   0000000000000009497000000000002               019497      25031400000000102500000000012N060314120000000000000340000000000000000000000000000000000000000000000212424512000164STXROCK 10 DESENVOLVIMENTO IMOBILIARIO SAvenida Paulista,1374-13º e 14º andar               01310100                                                            000022
1                   000902692011248461-9498                   0000000000000009498900000000002               019498      25031400000000056000000000012N060314120000000000000190000000000000000000000000000000000000000000000207960724000126WAURA EMPREENDIMENTOS IMOBILIARIOS LTDA Avenida Paulista,1374-13º e 14º andar               01310100                                                            000023
1                   000902692011248461-9499                   0000000000000009499700000000002               019499      25031400000000056000000000012N060314120000000000000190000000000000000000000000000000000000000000000211405508000196GOLDFARB 19 EMPREENDIMENTO IMOBILIARIO LAvenida Paulista,1374-13º e 14º andar               01310100                                                            000024
1                   000902692011248461-9500                   0000000000000009500400000000002               019500      25031400000000112000000000012N060314120000000000000370000000000000000000000000000000000000000000000211444235000199GOLD FARB 38 EMPREENDIMENTOS IMOBILIARIOAvenida Paulista,1374-13º e 14º andar               01310100                                                            000025
1                   000902692011248461-9501                   0000000000000009501200000000002               019501      25031400000000046500000000012N060314120000000000000160000000000000000000000000000000000000000000000211216807000182GOLDFARB 13 EMPREENDIMENTO IMOBILIARIO LAvenida Paulista,1374-13º e 14º andar               01310100                                                            000026
1                   000902692011248461-9502                   0000000000000009502000000000002               019502      16031400000000376200000000012N060314120000000000001250000000000000000000000000000000000000000000000217184037010506389 Banco Mercantil do Brasil S.A.      Avenida Paulista ,923                               01311100                                                            000027
1                   000902692011248461-9503                   0000000000000009503900000000002               019503      16031400000000528000000000012N060314120000000000001760000000000000000000000000000000000000000000000217184037010506389 Banco Mercantil do Brasil S.A.      Avenida Paulista ,923                               01311100                                                            000028
1                   000902692011248461-9504                   0000000000000009504700000000002               019504      17031400000000226000000000012N070314120000000000000750000000000000000000000000000000000000000000000200360305025441104 Caixa Econômica Federal             Rua Joaquim Floriano,,446                           04534002                                                            000029
1                   000902692011248461-9505                   0000000000000009505500000000002               019505      17031400000000226000000000012N070314120000000000000750000000000000000000000000000000000000000000000200360305025441104 Caixa Econômica Federal             Rua Joaquim Floriano,,446                           04534002                                                            000030
1                   000902692011248461-9506                   0000000000000009506300000000002               019506      17031400000000230400000000012N070314120000000000000770000000000000000000000000000000000000000000000200360305413964104 Caixa Econômica Federal             Avenida das Nações Unidas ,22540                    04795000                                                            000031
1                   000902692011248461-9507                   0000000000000009507100000000002               019507      17031400000000593370000000012N070314120000000000001980000000000000000000000000000000000000000000000205888414000112Creações MX Fashion LTDA                Rua Aimorés - lado par,210                          01122010                                                            000032
1                   000902692011248461-9508                   0000000000000009508P00000000002               019508      12031400000000015000000000012N070314000000000000000050000000000000000000000000000000000000000000000110918131000106PROCART - PROCESSOS CARTORAIS LTDA      Rua Primeiro de Janeiro,35-Sala 101                 35180032Protesto após 5 dias                                        000033
1                   000902692011248461-9509                   0000000000000009509800000000002               019509      12031400000000293630000000012N070314000000000000000980000000000000000000000000000000000000000000000111029315000188SUZAN CART CERTIDOES LTDA - ME          Rua Gal. Francisco Glicério,1185                    08674003Protesto após 5 dias                                        000034
1                   000902692011248461-9510                   0000000000000009510100000000002               019510      12031400000000500000000000012N070314000000000000001670000000000000000000000000000000000000000000000111198466000160GOMES & KUNCEVICIUS LTDA ME             Rua Prisciliana de Castilho,374-Sala 06             11660330Protesto após 5 dias                                        000035
1                   000902692011248461-9511                   0000000000000009511P00000000002               019511      12031400000000439550000000012N070314000000000000001470000000000000000000000000000000000000000000000111163439000151RF-SERVICOS DE DOCUMENTACAO LTDA.       Av. Mal. Castelo Branco,173-A                       65076090Protesto após 5 dias                                        000036
1                   000902692011248461-9512                   0000000000000009512800000000002               019512      12031400000001800000000000012N070314000000000000006000000000000000000000000000000000000000000000000110999668000148ASSESSORIA E CONSULTORIA DE DOCUMENTOS ER. Leopoldo Machado,242-Loja 02                     18035075Protesto após 5 dias                                        000037
1                   000902692011248461-9513                   0000000000000009513600000000002               019513      12031400000001300000000000012N070314000000000000004330000000000000000000000000000000000000000000000111165549000152D´ VASQUEZ SERVIÇOS CARTORARIOS LTDA - EAv. Dr. João Guilhermino,293                        12210131Protesto após 5 dias                                        000038
1                   000902692011248461-9514                   0000000000000009514400000000002               019514      12031400000000584540000000012N070314000000000000001950000000000000000000000000000000000000000000000111144435000126M&Z DOCUMENTOS CARTORÁRIOS LTDA         R. da Assembléia,10-12º Andar SL 1221               20011000Protesto após 5 dias                                        000039
1                   000902692011248461-9515                   0000000000000009515200000000002               019515      12031400000000118260000000012N070314000000000000000390000000000000000000000000000000000000000000000114816778000188Oliveira Intermediação Cartorária LTDA MRua Delfino Cintra,500 AxB                          13020100Protesto após 5 dias                                        000040
1                   000902692011248461-9516                   0000000000000009516000000000002               019516      12031400000000500000000000012N070314000000000000001670000000000000000000000000000000000000000000000111253279000131ÁGAPE SERVIÇOS E INTERMEDIAÇÕES CARTORÁRR. Gov. Pedro de Toledo,569                         13400070Protesto após 5 dias                                        000041
1                   000902692011248461-9517                   0000000000000009517900000000002               019517      12031400000001000000000000012N070314000000000000003330000000000000000000000000000000000000000000000106058057000128CTPOST SERVIÇOS LTDA ME                 R. Chaves Barcelos,131                              90030120Protesto após 5 dias                                        000042
1                   000902692011248461-9518                   0000000000000009518700000000002               019518      12031400000000055450000000012N070314000000000000000180000000000000000000000000000000000000000000000113238744000190ARCHANJO TEIXEIRA PREPARAÇÃO DE DOCUMENTAv. Brasil,1586-Loja 06                             30140003Protesto após 5 dias                                        000043
1                   000902692011248461-9519                   0000000000000009519500000000002               019519      12031400000000101000000000012N070314000000000000000340000000000000000000000000000000000000000000000112761154000185MC PRESTADORA DE SERVIÇOS ADMINISTRATIVORua Marechal José B. Bormann,164 E-Sala             89802120Protesto após 5 dias                                        000044
1                   000902692011248461-9520                   0000000000000009520900000000002               019520      12031400000000217470000000012N070314000000000000000720000000000000000000000000000000000000000000000111675298000156MORANDO & MORANDO SERV TRANSCRIÇÃO DOCUMRua Tibiriçá,189                                    14010090Protesto após 5 dias                                        000045
1                   000902692011248461-9521                   0000000000000009521700000000002               019521      12031400000000016500000000012N070314000000000000000060000000000000000000000000000000000000000000000111564744000155SARAIVA´S CONSULTORIA EMPRESARIAL LTDA  Rua Prefeito José Santana Trigueiro,183             32604188Protesto após 5 dias                                        000046
1                   000902692011248461-9522                   0000000000000009522500000000002               019522      12031400000000006450000000012N070314000000000000000020000000000000000000000000000000000000000000000111425891000144MHG SERVIÇOS ADMINISTRATIVOS EMPRESAS LTAv. Tocantins,1124                                  74075100Protesto após 5 dias                                        000047
1                   000902692011248461-9523                   0000000000000009523300000000002               019523      12031400000000011990000000012N070314000000000000000040000000000000000000000000000000000000000000000111777632000182CFN ASSESSORIA EM DOCUMENTOS LTDA       R Prefeito Carlos José Carlson,226-CJ 01            09450000Protesto após 5 dias                                        000048
1                   000902692011248461-9524                   0000000000000009524100000000002               019524      12031400000000700000000000012N070314000000000000002330000000000000000000000000000000000000000000000113594653000198Melo e Cunha Consultoria e Assessoria LtAv. Presidente João Goulart,LJ 47B-QD 2             74968890Protesto após 5 dias                                        000049
1                   000902692011248461-9525                   0000000000000009525P00000000002               019525      12031400000000182150000000012N070314000000000000000610000000000000000000000000000000000000000000000111222886000134ELIDA ASSESSORIA EMPRESARIAL LTDA       R. Neo Alves Martins,2955-Sala 03                   87013060Protesto após 5 dias                                        000050
1                   000902692011248461-9526                   0000000000000009526800000000002               019526      12031400000000997200000000012N070314000000000000003320000000000000000000000000000000000000000000000111834699000101REGIS ORLANDINI ASSESSORIA CARTORARIA LTAv. João Naves de Ávila,81                          38400600Protesto após 5 dias                                        000051
1                   000902692011248461-9527                   0000000000000009527600000000002               019527      12031400000000500000000000012N070314000000000000001670000000000000000000000000000000000000000000000111864024000105AGICART - SERVIÇOS DOCUMENTALISTAS INTERRua Afonso Pena,5-47                                17060250Protesto após 5 dias                                        000052
1                   000902692011248461-9528                   0000000000000009528400000000002               019528      12031400000000466900000000012N070314000000000000001560000000000000000000000000000000000000000000000118433773000127MUZETI ASSESSORIA CARTORARIA LTDA ME    Rua 20,1022                                         14780070Protesto após 5 dias                                        000053
1                   000902692011248461-9529                   0000000000000009529200000000002               019529      12031400000000500000000000012N070314000000000000001670000000000000000000000000000000000000000000000119450025000115SAITO & SAITO ASSESSORIA E SERVIÇOS LTDAAv. Francisco de Paula Leite,1699                   13344325Protesto após 5 dias                                        000054
1                   000902692011248461-9530                   0000000000000009530600000000002               019530      12031400000000500000000000012N070314000000000000001670000000000000000000000000000000000000000000000112443155000181ASSESSORIA E CONSULTORIA CARTORARIA DE DRua Santa Cruz,652                                  13300090Protesto após 5 dias                                        000055
1                   000902692011248461-9531                   0000000000000009531400000000002               019531      12031400000001000000000000012N070314000000000000003330000000000000000000000000000000000000000000000116952765000161RORATO TEIXEIRA SISTEMAS DE SERVIÇOS PARRua 2000,657-SL 02                                  88330462Protesto após 5 dias                                        000056
1                   000902692011248461-9532                   0000000000000009532200000000002               019532      12031400000000073250000000012N070314000000000000000240000000000000000000000000000000000000000000000113619244000107BRAGPOST ASSESSORIA CARTORARIA LTDA     Av. Antonio Pires Pimentel,707                      12914001Protesto após 5 dias                                        000057
1                   000902692011248461-9533                   0000000000000009533000000000002               019533      12031400000000500000000000012N070314000000000000001670000000000000000000000000000000000000000000000112632803000148RUBIANA SERVIÇOS DE CARTORIO, CERTIDÕES Rua das Esmeraldas,186                              09920520Protesto após 5 dias                                        000058
1                   000902692011248461-9534                   0000000000000009534900000000002               019534      12031400000000047020000000012N070314000000000000000160000000000000000000000000000000000000000000000112655472000161CURITIBA ASSESSORIA CARTORARIA LTDA     Rua Tibagi,506                                      80060110Protesto após 5 dias                                        000059
1                   000902692011248461-9535                   0000000000000009535700000000002               019535      12031400000000107300000000012N070314000000000000000360000000000000000000000000000000000000000000000102248702000114MOURA E MENEZES SERVIÇOS ADMINISTRATIVOSRua Dr. Curvelo Cavalcante,189-Loja 315             23810201Protesto após 5 dias                                        000060
1                   000902692011248461-9536                   0000000000000009536500000000002               019536      12031400000000500000000000012N070314000000000000001670000000000000000000000000000000000000000000000111619454000161ASSESSORIA CARTORÁRIA DO NORDESTE LTDA  Av. Conselheiro Rosa e Silva,1460-Sala 1            52020220Protesto após 5 dias                                        000061
1                   000902692011248461-9537                   0000000000000009537300000000002               019537      12031400000000274600000000012N070314000000000000000920000000000000000000000000000000000000000000000112572498000146Alphacentral Documentos e Serviços LTDA Rua Cel. Siqueira de Moraes,125/127                 13201032Protesto após 5 dias                                        000062
1                   000902692011248461-9538                   0000000000000009538100000000002               019538      12031400000000023730000000012N070314000000000000000080000000000000000000000000000000000000000000000112837049000182TOWER NITEROI SERVIÇOS DE CARTÓRIO E CERRua Visconde de Sepetiba,935-SL 625                 24020206Protesto após 5 dias                                        000063
1                   000902692011248461-9539                   0000000000000009539P00000000002               019539      12031400000000060750000000012N070314000000000000000200000000000000000000000000000000000000000000000112139078000170RW MARIZ ESTRUTURA CARTORAL LTDA        Av Epitácio Pessoa,475-Sala 05                      58030906Protesto após 5 dias                                        000064
1                   000902692011248461-9540                   0000000000000009540300000000002               019540      12031400000000500000000000012N070314000000000000001670000000000000000000000000000000000000000000000112498961000157HANNAH ASSESSORIA CARTORÁRIA LTDA       Rua Visconde de Mauá,208-Térreo                     45652468Protesto após 5 dias                                        000065
1                   000902692011248461-9541                   0000000000000009541100000000002               019541      12031400000001750000000000012N070314000000000000005830000000000000000000000000000000000000000000000113133167000172G I CART SERVIÇOS ORGANIZACIONAIS LTDA  Rua dos Marianos,132                                06016050Protesto após 5 dias                                        000066
1                   000902692011248461-9542                   0000000000000009542P00000000002               019542      12031400000000500000000000012N070314000000000000001670000000000000000000000000000000000000000000000115369569000104FERRAGUT E MUZEL SERVIÇOS ADMINISTRATIVORua Barão de Mauá,1152-Piso Superior, SL            13276080Protesto após 5 dias                                        000067
1                   000902692011248461-9543                   0000000000000009543800000000002               019543      12031400000000022750000000012N070314000000000000000080000000000000000000000000000000000000000000000113321680000197Ana Claudia Barbiere Alves Ferreira - MEAv. Brasil,326                                      14801050Protesto após 5 dias                                        000068
1                   000902692011248461-9544                   0000000000000009544600000000002               019544      12031400000000008990000000012N070314000000000000000030000000000000000000000000000000000000000000000117655488000198KAEL INTERMEDIAÇÕES CARTORÁRIAS LTDA ME Av. Monte Castelo,720                               13450032Protesto após 5 dias                                        000069
1                   000902692011248461-9545                   0000000000000009545400000000002               019545      12031400000000015200000000012N070314000000000000000050000000000000000000000000000000000000000000000113350598000190CP SERVIÇOS ADMINISTRATIVO LTDA - ME    Rua Arnaldo Estevão de Figueiredo,640               78700150Protesto após 5 dias                                        000070
1                   000902692011248461-9546                   0000000000000009546200000000002               019546      12031400000000017000000000012N070314000000000000000060000000000000000000000000000000000000000000000113635488000175GARCIA E SANTOS ASSESSORIA CARTORARIA LTRua Raul Veiga,708-Loja B                           28907090Protesto após 5 dias                                        000071
1                   000902692011248461-9547                   0000000000000009547000000000002               019547      12031400000000007500000000012N070314000000000000000030000000000000000000000000000000000000000000000113406670000154RODRIGUES E VIEIRA LTDA.                104 SUL RUA SE 05 LOTE 23 | AC JK CAIXA             77006970Protesto após 5 dias                                        000072
1                   000902692011248461-9548                   0000000000000009548900000000002               019548      12031400000000031400000000012N070314000000000000000100000000000000000000000000000000000000000000000113743219000122Valentim e Silva Serviços               Praça Antônio Dias,584                              38700110Protesto após 5 dias                                        000073
1                   000902692011248461-9549                   0000000000000009549700000000002               019549      12031400000000046380000000012N070314000000000000000150000000000000000000000000000000000000000000000113576355000175LEME ASSESSORIA E CONSULTORIA DE DOCUMENRua Prudente de Moraes,933                          13320160Protesto após 5 dias                                        000074
1                   000902692011248461-9550                   0000000000000009550000000000002               019550      12031400000000500000000000012N070314000000000000001670000000000000000000000000000000000000000000000113845551000106MACEDO & MELO INTERMEDIACOES CARTORARIASRUA LIZANDRO NOGUEIRA,1223-SALA 304                 64000200Protesto após 5 dias                                        000075
1                   000902692011248461-9551                   0000000000000009551900000000002               019551      12031400000000062540000000012N070314000000000000000210000000000000000000000000000000000000000000000113800899000179TEIXEIRA CARREIRO INTERMEDIACAO CARTORARRua Alan Kardec,50-SL 712                           27541290Protesto após 5 dias                                        000076
1                   000902692011248461-9552                   0000000000000009552700000000002               019552      12031400000000500000000000012N070314000000000000001670000000000000000000000000000000000000000000000126069567000108JPS SERVIÇOS LTDA ME                    Rua Apinajés,1100-Cj. 501                           05017000Protesto após 5 dias                                        000077
1                   000902692011248461-9553                   0000000000000009553500000000002               019553      12031400000001750000000000012N070314000000000000005830000000000000000000000000000000000000000000000110573048000142SV3 SERVIÇOS ADMINISTRATIVOS EIRELI     Rua Tijuco Preto,544                                03316000Protesto após 5 dias                                        000078
1                   000902692011248461-9554                   0000000000000009554300000000002               019554      12031400000000500000000000012N070314000000000000001670000000000000000000000000000000000000000000000114456232000163CUNHA & ALVES ASSESSORIA COMERCIAL E INDRua Juscelino K. de Oliveira,763                    37580000Protesto após 5 dias                                        000079
1                   000902692011248461-9555                   0000000000000009555100000000002               019555      12031400000000500000000000012N070314000000000000001670000000000000000000000000000000000000000000000115779004000197BONESSO & GIANETTI LTDA ME              Rua Nove de Julho,430-Lj 03 - Galeria de            13280000Protesto após 5 dias                                        000080
1                   000902692011248461-9556                   0000000000000009556P00000000002               019556      12031400000000500000000000012N070314000000000000001670000000000000000000000000000000000000000000000111834699000292REGIS ORLANDINI ASSESSORIA CARTORÁRIA EPPraça Manoel Bonito,65                              38440076Protesto após 5 dias                                        000081
1                   000902692011248461-9557                   0000000000000009557800000000002               019557      12031400000000500000000000012N070314000000000000001670000000000000000000000000000000000000000000000115003436000101Via Rápida Intermediação Cartorária LTDARua Vereador Juca Pena,10                           36400000Protesto após 5 dias                                        000082
1                   000902692011248461-9558                   0000000000000009558600000000002               019558      12031400000000500000000000012N070314000000000000001670000000000000000000000000000000000000000000000114467333000130Sirley Santos Niemic - ME               Av. Municipal,1779 A                                78250000Protesto após 5 dias                                        000083
1                   000902692011248461-9559                   0000000000000009559400000000002               019559      12031400000000084500000000012N070314000000000000000280000000000000000000000000000000000000000000000114911193000147LOPES&LOPES INTERMEDIAÇÃO CARTORÁRIA LTDRua Marechal Deodoro,444-loja 322                   36010904Protesto após 5 dias                                        000084
1                   000902692011248461-9560                   0000000000000009560800000000002               019560      12031400000000400000000000012N070314000000000000001330000000000000000000000000000000000000000000000115220454000145RENAULT ASSOCIADOS INTERMEDIACOES CARTORAv. P. H. Rolfs,368-SL 203                          36570000Protesto após 5 dias                                        000085
1                   000902692011248461-9561                   0000000000000009561600000000002               019561      12031400000000400000000000012N070314000000000000001330000000000000000000000000000000000000000000000115220454000226RENAULT ASSOCIADOS INTERMEDIACOES CARTORRua Benedito Valadares,520-LJ 03                    35660630Protesto após 5 dias                                        000086
1                   000902692011248461-9562                   0000000000000009562400000000002               019562      12031400000001000000000000012N070314000000000000003330000000000000000000000000000000000000000000000115574053000193KANEKO SOLUCOES ADMINISTRATIVAS LTDA - MTrav. Adelino Bonilha,26                            13840055Protesto após 5 dias                                        000087
1                   000902692011248461-9563                   0000000000000009563200000000002               019563      12031400000001000000000000012N070314000000000000003330000000000000000000000000000000000000000000000115447264000165CAMPDOC INTERMEDIAÇÃO CARTORÁRIA LTDA – Av. Barão de Monte Alegre,103                       13032525Protesto após 5 dias                                        000088
1                   000902692011248461-9564                   0000000000000009564000000000002               019564      12031400000001000000000000012N070314000000000000003330000000000000000000000000000000000000000000000115274886000139RJR SERVIÇOS ADMINISTRATIVOS            Rua Benedito Laboissiere,270                        38600000Protesto após 5 dias                                        000089
1                   000902692011248461-9565                   0000000000000009565900000000002               019565      12031400000000034000000000012N070314000000000000000110000000000000000000000000000000000000000000000113372039000262DE PAULA E FRANÇA SERVIÇOS PRIVADOS E INRua Roberto Calmon,140                              29200340Protesto após 5 dias                                        000090
1                   000902692011248461-9566                   0000000000000009566700000000002               019566      12031400000000500000000000012N070314000000000000001670000000000000000000000000000000000000000000000115776815000134RCA - PREST CART INTERMEDIAÇÃO CARTORARIRua João Caetano,185-LJ 103                         24710405Protesto após 5 dias                                        000091
1                   000902692011248461-9567                   0000000000000009567500000000002               019567      12031400000000300000000000012N070314000000000000001000000000000000000000000000000000000000000000000115523647000175TGD ASSESSORIA E CONSULTORIA LTDA       Rua Coronel Antonio Cardoso Pinto,34 A              37640000Protesto após 5 dias                                        000092
1                   000902692011248461-9568                   0000000000000009568300000000002               019568      12031400000000500000000000012N070314000000000000001670000000000000000000000000000000000000000000000116465255000160Tocantins Intermediação Cartorária LTDA-RUA RODOVIÁRIA,193-SALA 01                          77805040Protesto após 5 dias                                        000093
1                   000902692011248461-9569                   0000000000000009569100000000002               019569      12031400000000600000000000012N070314000000000000002000000000000000000000000000000000000000000000000115653178000109FOCUS INTERMEDIAÇÃO CARTORÁRIA LTDA     AV. BRASIL,10-LOJA 224                              28970000Protesto após 5 dias                                        000094
1                   000902692011248461-9570                   0000000000000009570500000000002               019570      12031400000000500000000000012N070314000000000000001670000000000000000000000000000000000000000000000115731322000188MEIRELES SERVIÇOS DE APOIO ADMINISTRATIVRua José Marcelino de Oliveira,374-BAIXO            67030170Protesto após 5 dias                                        000095
1                   000902692011248461-9571                   0000000000000009571300000000002               019571      12031400000001750000000000012N070314000000000000005830000000000000000000000000000000000000000000000116608106000102CONTAK INTERMEDIAÇÕES CARTORARIAS LTDA  Av. Conselheiro Nebias,754                          11045002Protesto após 5 dias                                        000096
1                   000902692011248461-9572                   0000000000000009572100000000002               019572      12031400000001000000000000012N070314000000000000003330000000000000000000000000000000000000000000000115803475000193PEDRO, BASTOS & JONES SERVIÇOS ASMINISTRRua Duque de Caxias,01-SL 31                        28613060Protesto após 5 dias                                        000097
1                   000902692011248461-9573                   0000000000000009573P00000000002               019573      12031400000000500000000000012N070314000000000000001670000000000000000000000000000000000000000000000115872523000103HEITOR PIGHINI BARBADO ME               Rua Senador José Bonifácio,312-B                    13800060Protesto após 5 dias                                        000098
1                   000902692011248461-9574                   0000000000000009574800000000002               019574      12031400000000500000000000012N070314000000000000001670000000000000000000000000000000000000000000000118997889000199CP CAMPO GRANDE INTERMEDIACOES CARTORARIRua Amaral Costa,408-LJ 01                          23050260Protesto após 5 dias                                        000099
1                   000902692011248461-9575                   0000000000000009575600000000002               019575      12031400000000500000000000012N070314000000000000001670000000000000000000000000000000000000000000000115566079000190Marins Consultoria e Intermediação CartoAvenida Brasil,4140-Sala 13                         87503420Protesto após 5 dias                                        000100
1                   000902692011248461-9576                   0000000000000009576400000000002               019576      12031400000001000000000000012N070314000000000000003330000000000000000000000000000000000000000000000115703802000135Assecar Apoio Administrativo de MArilia Rua Carlos Gomes,343                                17501000Protesto após 5 dias                                        000101
1                   000902692011248461-9577                   0000000000000009577200000000002               019577      12031400000000500000000000012N070314000000000000001670000000000000000000000000000000000000000000000115723896000104Walter Shuji Kishi eireli-ME            Avenida Presidente Getúio Vargas,2214-Lo            45990289Protesto após 5 dias                                        000102
1                   000902692011248461-9578                   0000000000000009578000000000002               019578      12031400000000500000000000012N070314000000000000001670000000000000000000000000000000000000000000000115665799000102OLIVEIRA E PEIXOTO LTDA                 Rua Barbosa de Sousa,25-SL 006 - Centro             45203640Protesto após 5 dias                                        000103
1                   000902692011248461-9579                   0000000000000009579900000000002               019579      12031400000000500000000000012N070314000000000000001670000000000000000000000000000000000000000000000116911487000102L & A INTERMEDIAÇÕES CARTORÁRIAS LTDA   Rua Marechal Deodoro,111                            48005020Protesto após 5 dias                                        000104
1                   000902692011248461-9580                   0000000000000009580200000000002               019580      12031400000001000000000000012N070314000000000000003330000000000000000000000000000000000000000000000116615091000100MEG INTERMEDIAÇÃO CARTORÁRIA            Av. 13,625                                          13500340Protesto após 5 dias                                        000105
1                   000902692011248461-9581                   0000000000000009581000000000002               019581      12031400000000500000000000012N070314000000000000001670000000000000000000000000000000000000000000000115696350000101Almeida Intermediação cartorária LTDA MERua José Brenha Ribeiro,23                          18130495Protesto após 5 dias                                        000106
1                   000902692011248461-9582                   0000000000000009582900000000002               019582      12031400000000500000000000012N070314000000000000001670000000000000000000000000000000000000000000000119373945000187MR Sistema de Intermediação Cartorária LRua 29 de Abril,123                                 13256000Protesto após 5 dias                                        000107
1                   000902692011248461-9583                   0000000000000009583700000000002               019583      12031400000001750000000000012N070314000000000000005830000000000000000000000000000000000000000000000115761167000142DOC SERVICE SERVIÇOS DOCUMENTAIS LTDA   Rua Marechal Floriano Peixoto,1562-Sala             85851020Protesto após 5 dias                                        000108
1                   000902692011248461-9584                   0000000000000009584500000000002               019584      12031400000000500000000000012N0703140000000000000016700000000000000000000000000000000000000000000001157926280001442 W V INTERMEDIAÇÃO CARTORÁRIA LTDA-ME  Rua Marechal Deodoro,44                             12500210Protesto após 5 dias                                        000109
1                   000902692011248461-9585                   0000000000000009585300000000002               019585      12031400000000500000000000012N070314000000000000001670000000000000000000000000000000000000000000000115779486000185ANA LIDIA ANDRADE VASCONCELOS CISOTTO - Rua Mário Pedro Vercellino,411                      18550000Protesto após 5 dias                                        000110
1                   000902692011248461-9586                   0000000000000009586100000000002               019586      12031400000001000000000000012N070314000000000000003330000000000000000000000000000000000000000000000116566686000112SOMARX INTERMEDIAÇÃO CARTORÁRIA LTDA    QN 07 - AREA ESPECIAL 1 TERREO LOJA,11-R            71805731Protesto após 5 dias                                        000111
1                   000902692011248461-9587                   0000000000000009587P00000000002               019587      12031400000001000000000000012N070314000000000000003330000000000000000000000000000000000000000000000116651907000150COTIA CENTRAL - SERVIÇOS ADMINISTRATIVOSRua Joaquim Nunes Filho,204                         06717180Protesto após 5 dias                                        000112
1                   000902692011248461-9588                   0000000000000009588800000000002               019588      12031400000001300000000000012N070314000000000000004330000000000000000000000000000000000000000000000117013577000130RIBEIRO INTERMEDIAÇÃO CARTORÁRIA LTDA.  Av. Presidente Marques,1212                         78045008Protesto após 5 dias                                        000113
1                   000902692011248461-9589                   0000000000000009589600000000002               019589      12031400000000800000000000012N070314000000000000002670000000000000000000000000000000000000000000000116455215000137MIM Consultoria, Assessoria e IntermediaRua Gal. Bacelar,504                                96200370Protesto após 5 dias                                        000114
1                   000902692011248461-9590                   0000000000000009590P00000000002               019590      12031400000000500000000000012N070314000000000000001670000000000000000000000000000000000000000000000116456499000186FILADELFIA SERVIÇOS CARTORÁRIOS E DOCUMERua Ambrósio,158                                    26580250Protesto após 5 dias                                        000115
1                   000902692011248461-9591                   0000000000000009591800000000002               019591      12031400000000500000000000012N070314000000000000001670000000000000000000000000000000000000000000000116850829000113FORMAGIO & MILARE LTDA ME               Rua Princesa Izabel,994                             17900000Protesto após 5 dias                                        000116
1                   000902692011248461-9592                   0000000000000009592600000000002               019592      12031400000001000000000000012N070314000000000000003330000000000000000000000000000000000000000000000116988183000135MENEZES & AMARAL INTERMEDIAÇÃO CARTORÁRIRua Israel Pinheiro,2500-LJ 1                       35020220Protesto após 5 dias                                        000117
1                   000902692011248461-9593                   0000000000000009593400000000002               019593      12031400000000500000000000012N070314000000000000001670000000000000000000000000000000000000000000000117163022000175DEFTHJ CONSULTORIA E ASSESSORIA CARTORÁRR. Pedro Procópio,48                                06501130Protesto após 5 dias                                        000118
1                   000902692011248461-9594                   0000000000000009594200000000002               019594      12031400000000500000000000012N070314000000000000001670000000000000000000000000000000000000000000000116943517000154SOUZA SERVIÇOS DE DOCUMENTOS S/S LTDA EPR. Coronel Aureliano de Camargo,666                 18270170Protesto após 5 dias                                        000119
1                   000902692011248461-9595                   0000000000000009595000000000002               019595      12031400000001000000000000012N070314000000000000003330000000000000000000000000000000000000000000000117206713000109FABIO TOMAZ CARDOSO - ME                Rua Primeiro de Maio,202-SL 507                     09015030Protesto após 5 dias                                        000120
1                   000902692011248461-9596                   0000000000000009596900000000002               019596      12031400000000800000000000012N070314000000000000002670000000000000000000000000000000000000000000000116383668000103MADJ SERVIÇOS DE INTERMEDIAÇÃO CARTORÁRIRua Nestor de Barros,48                             03325050Protesto após 5 dias                                        000121
1                   000902692011248461-9597                   0000000000000009597700000000002               019597      12031400000000500000000000012N070314000000000000001670000000000000000000000000000000000000000000000111834699000373REGIS ORLANDINI ASSESSORIA CARTORÁRIA EPRua Dr. Frankilin de Castro,238                     38183120Protesto após 5 dias                                        000122
1                   000902692011248461-9598                   0000000000000009598500000000002               019598      12031400000000500000000000012N070314000000000000001670000000000000000000000000000000000000000000000116899904000130E. F. AURELIA NEGOCIOS E INTERMEDIAÇÃO CRua Liberdade,596                                   06853700Protesto após 5 dias                                        000123
1                   000902692011248461-9599                   0000000000000009599300000000002               019599      12031400000000500000000000012N070314000000000000001670000000000000000000000000000000000000000000000116949930000126CIRENO FILHO INTERMEDIAÇÃO CARTORARIA   Rua Carlos Eduardo Nichele,1382-LJ01                83833022Protesto após 5 dias                                        000124
1                   000902692011248461-9600                   0000000000000009600000000000002               019600      12031400000000500000000000012N070314000000000000001670000000000000000000000000000000000000000000000116811847000196TOLEDO & PEREIRA VASSALO LTDA ME        Rua Santos Pereira,212                              37500026Protesto após 5 dias                                        000125
1                   000902692011248461-9601                   0000000000000009601900000000002               019601      12031400000001000000000000012N070314000000000000003330000000000000000000000000000000000000000000000116819238000183CARLOS ALBERTO ROCHA DE MELO - ME       R. Hermógenes Freire da Costa,02-LJ 05              28940000Protesto após 5 dias                                        000126
1                   000902692011248461-9602                   0000000000000009602700000000002               019602      12031400000000500000000000012N070314000000000000001670000000000000000000000000000000000000000000000116694354000113DOCUMENTOS BRASIL SERVIÇOS E ASSESSORIA Rua Manoel Pereira,540                              13970346Protesto após 5 dias                                        000127
1                   000902692011248461-9603                   0000000000000009603500000000002               019603      12031400000001000000000000012N070314000000000000003330000000000000000000000000000000000000000000000116942432000151Kice Serviços Administrativos Ltda - ME Av. Princesa Isabel,256                             09310010Protesto após 5 dias                                        000128
1                   000902692011248461-9604                   0000000000000009604300000000002               019604      12031400000000500000000000012N070314000000000000001670000000000000000000000000000000000000000000000116945793000151JLM INTERMEDIAÇÃO CARTORÁRIA LTDA       Av. Tiradentes,618-LJ 03                            36307348Protesto após 5 dias                                        000129
1                   000902692011248461-9605                   0000000000000009605100000000002               019605      12031400000001750000000000012N070314000000000000005830000000000000000000000000000000000000000000000116927836000176C. M. MILROT CONSULTORIA E INTERMEDIAÇÃOAv. Paulista,2001-19º andar | Conjuntos             01311300Protesto após 5 dias                                        000130
1                   000902692011248461-9606                   0000000000000009606P00000000002               019606      12031400000000500000000000012N070314000000000000001670000000000000000000000000000000000000000000000116935668000160FLASH DOC INTERMEDIAÇÕES CARTORARIAS    Av. Caetano Barrela,209                             06763460Protesto após 5 dias                                        000131
1                   000902692011248461-9607                   0000000000000009607800000000002               019607      12031400000000500000000000012N070314000000000000001670000000000000000000000000000000000000000000000116964316000133CAMARGO & ESTRACINE INTERMEDIAÇÃO CARTORRua Miguel Anselmo,260                              15900000Protesto após 5 dias                                        000132
1                   000902692011248461-9608                   0000000000000009608600000000002               019608      12031400000001200000000000012N070314000000000000004000000000000000000000000000000000000000000000000117829100000128JS & BOIM INTERMEDIAÇÃO CARTORÁRIA LTDA Rua Tabatinguera,140-SL 409 e 410                   01020000Protesto após 5 dias                                        000133
1                   000902692011248461-9609                   0000000000000009609400000000002               019609      12031400000001500000000000012N070314000000000000005000000000000000000000000000000000000000000000000112587280000165RTC INTERMEDIAÇÃO CARTORÁRIA LTDA - ME  Rua Montenegro,171 A                                11410040Protesto após 5 dias                                        000134
1                   000902692011248461-9610                   0000000000000009610800000000002               019610      12031400000000500000000000012N070314000000000000001670000000000000000000000000000000000000000000000116729531000150GOMES VERAS INTERMEDIAÇÃO CARTORÁRIA LTDRua Maranhão,763-Sala 17 R                          65901590Protesto após 5 dias                                        000135
1                   000902692011248461-9611                   0000000000000009611600000000002               019611      12031400000001000000000000012N070314000000000000003330000000000000000000000000000000000000000000000116970183000108NR INTERMEDIAÇÃO CARTORÁRIA LTDA        Av. Dom Luis,500-Piso L0, Loja 38, Shopp            60160230Protesto após 5 dias                                        000136
1                   000902692011248461-9612                   0000000000000009612400000000002               019612      12031400000000500000000000012N070314000000000000001670000000000000000000000000000000000000000000000117103695000210Vale Rio - Intermediação Cartorária LtdaRua do Paraíso,97-SL 29                             48903050Protesto após 5 dias                                        000137
1                   000902692011248461-9613                   0000000000000009613200000000002               019613      12031400000000500000000000012N070314000000000000001670000000000000000000000000000000000000000000000117103695000130VALE RIO - INTERMEDIAÇÃO CARTORÁRIA LTDAPraça Pio XII,290-2º Andar, SL 01                   56304430Protesto após 5 dias                                        000138
1                   000902692011248461-9614                   0000000000000009614000000000002               019614      12031400000001000000000000012N070314000000000000003330000000000000000000000000000000000000000000000117488037000103LG INTERMEDIAÇÃO CARTORÁRIA LTDA ME     Rua Rafael Nascimento,300 C                         75901290Protesto após 5 dias                                        000139
1                   000902692011248461-9615                   0000000000000009615900000000002               019615      12031400000002500000000000012N070314000000000000008330000000000000000000000000000000000000000000000117197147000116POSTCAR INTERMEDIAÇÃOO CARTORÁRIA LTDA Rua Amaro Genari,46                                 09810270Protesto após 5 dias                                        000140
1                   000902692011248461-9616                   0000000000000009616700000000002               019616      12031400000000500000000000012N070314000000000000001670000000000000000000000000000000000000000000000118294473000104VIEIRA E SCORALICK LTDA                 Rua Getúlio Vargas,53                               34800000Protesto após 5 dias                                        000141
1                   000902692011248461-9617                   0000000000000009617500000000002               019617      12031400000000500000000000012N070314000000000000001670000000000000000000000000000000000000000000000112762841000115SM GERENCIAMENTO DE CERTIDÕES E DOCUMENTRua 18,81                                           76380000Protesto após 5 dias                                        000142
1                   000902692011248461-9618                   0000000000000009618300000000002               019618      12031400000000500000000000012N070314000000000000001670000000000000000000000000000000000000000000000118325368000195FERREIRA CAMPOS CONSULTORIA E INTERMEDIARua Joaquim Manuel,248                              46430000Protesto após 5 dias                                        000143
1                   000902692011248461-9619                   0000000000000009619100000000002               019619      12031400000001500000000000012N070314000000000000005000000000000000000000000000000000000000000000000117234137000103Postal Services - Assessoria e Serviços Pç das Orquideas,186-SL 04 | 1º Andar               06453002Protesto após 5 dias                                        000144
1                   000902692011248461-9620                   0000000000000009620500000000002               019620      12031400000000500000000000012N070314000000000000001670000000000000000000000000000000000000000000000117292398000180DOTTON INTERMEDIACAO CARTORARIA LTDA - MRua Senador Fláquer,241-Conjunto 09                 09010160Protesto após 5 dias                                        000145
1                   000902692011248461-9621                   0000000000000009621300000000002               019621      12031400000000500000000000012N070314000000000000001670000000000000000000000000000000000000000000000117344439000134Carneiro e Santana Intermediação CartoráRua Brasil,210-SALA A                               19800100Protesto após 5 dias                                        000146
1                   000902692011248461-9622                   0000000000000009622100000000002               019622      12031400000000700000000000012N070314000000000000002330000000000000000000000000000000000000000000000118103169000132AHEAD ASSESSORIA E CONSULTORIA EM INTERMRua Fernando Falcão,913                             03180002Protesto após 5 dias                                        000147
1                   000902692011248461-9623                   0000000000000009623P00000000002               019623      12031400000000400000000000012N070314000000000000001330000000000000000000000000000000000000000000000117882252000194S&A INTERMEDIAÇÕES CARTORÁRIAS          Rua Prefeito Frederico Hardt,194-SL 05              89130000Protesto após 5 dias                                        000148
1                   000902692011248461-9624                   0000000000000009624800000000002               019624      12031400000000500000000000012N070314000000000000001670000000000000000000000000000000000000000000000117474125000156MAGAVIX INTERMEDIAÇÃO E LOGISTICA DE DISRua Amapá,1777                                      87704070Protesto após 5 dias                                        000149
1                   000902692011248461-9625                   0000000000000009625600000000002               019625      12031400000000300000000000012N070314000000000000001000000000000000000000000000000000000000000000000117516729000118LILLIAN KELLY GUIMARÃES & CIA LTDA - ME AV. BRASIL,11-SL 11                                 13940000Protesto após 5 dias                                        000150
1                   000902692011248461-9626                   0000000000000009626400000000002               019626      12031400000000500000000000012N070314000000000000001670000000000000000000000000000000000000000000000118726605000120OLIVEIRA CECHET INTERMEDIAÇÃO CARTORÁRIARua Cleriston Andrade,132-QD 23 LT 03 SL            47850000Protesto após 5 dias                                        000151
1                   000902692011248461-9627                   0000000000000009627200000000002               019627      12031400000001000000000000012N070314000000000000003330000000000000000000000000000000000000000000000109532074000143OTTIMIZA ASSESSORIA CARTORARIA LTDA - MERua Raimundo Chaves,1584                            59064390Protesto após 5 dias                                        000152
1                   000902692011248461-9628                   0000000000000009628000000000002               019628      12031400000001000000000000012N070314000000000000003330000000000000000000000000000000000000000000000118527392000107CARGER PRESTAÇÃO DE SERVIÇOS LTDA - ME  Av. Brasília,2018-SL 05                             33105492Protesto após 5 dias                                        000153
1                   000902692011248461-9629                   0000000000000009629900000000002               019629      12031400000000500000000000012N070314000000000000001670000000000000000000000000000000000000000000000117497344000150VAP POSTAL INTERMEDIAÇÃO CARTORÁRIA LTDARua Teodorico Tourinho,304                          39800010Protesto após 5 dias                                        000154
1                   000902692011248461-9630                   0000000000000009630200000000002               019630      12031400000000500000000000012N070314000000000000001670000000000000000000000000000000000000000000000113622593000170Moraes & Vessoni Serv. e Ass. CartorariaRua Paraná,629                                      19900021Protesto após 5 dias                                        000155
1                   000902692011248461-9631                   0000000000000009631000000000002               019631      12031400000000500000000000012N070314000000000000001670000000000000000000000000000000000000000000000117605176000170CARIRI INTERMEDIACAO CARTORARIA LTDA - MRua Delmiro Gouveia,51                              63010075Protesto após 5 dias                                        000156
1                   000902692011248461-9632                   0000000000000009632900000000002               019632      12031400000000500000000000012N070314000000000000001670000000000000000000000000000000000000000000000117736384000108JANAINA FERREIRA DE TOLEDO PEREIRA      Rua Vanor Junqueira Franco,300-Fundos               14701010Protesto após 5 dias                                        000157
1                   000902692011248461-9633                   0000000000000009633700000000002               019633      12031400000000700000000000012N070314000000000000002330000000000000000000000000000000000000000000000117880167000197AGUIA INTERMEDIAÇÃO CARTORARIA LTDA - MERua Voluntários da Pátria,524                       02010000Protesto após 5 dias                                        000158
1                   000902692011248461-9634                   0000000000000009634500000000002               019634      12031400000000500000000000012N070314000000000000001670000000000000000000000000000000000000000000000117966691000185GERENCIAMENTO DE CERTIDOES E DOCUMENTOS Rua Cincinato Pinto,297-SL 105                      57020670Protesto após 5 dias                                        000159
1                   000902692011248461-9635                   0000000000000009635300000000002               019635      12031400000000250000000000012N070314000000000000000830000000000000000000000000000000000000000000000117882102000180JK INTERMEDIAÇÕES CARTORÁRIAS           Av. Francisco Monteiro,95                           09400310Protesto após 5 dias                                        000160
1                   000902692011248461-9636                   0000000000000009636100000000002               019636      12031400000000500000000000012N070314000000000000001670000000000000000000000000000000000000000000000118268113000138LINS E SILVA INTERMEDIAÇÕES CARTORÁRIAS Rua Visconde de Campo Alegre,149-1º Anda            54505370Protesto após 5 dias                                        000161
1                   000902692011248461-9637                   0000000000000009637P00000000002               019637      12031400000000400000000000012N070314000000000000001330000000000000000000000000000000000000000000000116456499000267FILADELFIA CARTORÁRIOS E DOCUMENTAIS    Rua Antônio Teles de Menezes,41-SL 407              25520630Protesto após 5 dias                                        000162
1                   000902692011248461-9638                   0000000000000009638800000000002               019638      12031400000001000000000000012N070314000000000000003330000000000000000000000000000000000000000000000115417430000180AME - AMOEDO MEDRADO EMPREENDIMENTOS LTDPç. João Barbosa Carvalho,58                        44001144Protesto após 5 dias                                        000163
1                   000902692011248461-9639                   0000000000000009639600000000002               019639      12031400000001000000000000012N070314000000000000003330000000000000000000000000000000000000000000000114501933000177ROBERTO MACEDO DE ALBUQUERQUE ME        Rua Alameda Antofagasta,77-SL 301                   97050660Protesto após 5 dias                                        000164
1                   000902692011248461-9640                   0000000000000009640P00000000002               019640      12031400000000500000000000012N070314000000000000001670000000000000000000000000000000000000000000000117808878000150OLIVEIRA & MIRANDA INTERMEDIAÇÃO CARTORARua São João,630-A                                  15400000Protesto após 5 dias                                        000165
1                   000902692011248461-9641                   0000000000000009641800000000002               019641      12031400000001500000000000012N070314000000000000005000000000000000000000000000000000000000000000000118133083000152MALTAURO BEZERRA CONSULTORIA E INTERMEDIAv. Tancredo Neves,1485-LJ 01                       41820021Protesto após 5 dias                                        000166
1                   000902692011248461-9642                   0000000000000009642600000000002               019642      12031400000001750000000000012N070314000000000000005830000000000000000000000000000000000000000000000118384480000105INTERMEDIAÇÃO CARTORÁRIA INTERLAGOS LTDAAv. Nossa Senhora do Sabará,1687                    04685004Protesto após 5 dias                                        000167
1                   000902692011248461-9643                   0000000000000009643400000000002               019643      12031400000000500000000000012N070314000000000000001670000000000000000000000000000000000000000000000118209597000144T A Mendes Serviços Administrativos - MERua Visconde do Rio Branco,128                      13600080Protesto após 5 dias                                        000168
1                   000902692011248461-9644                   0000000000000009644200000000002               019644      12031400000000500000000000012N070314000000000000001670000000000000000000000000000000000000000000000117961015000119ADALBERTO ROCHA THOBIAS - ME            Av. Paulista,259-Oeste                              17280000Protesto após 5 dias                                        000169
1                   000902692011248461-9645                   0000000000000009645000000000002               019645      12031400000001500000000000012N070314000000000000005000000000000000000000000000000000000000000000000118123632000108MARCIA JULIO SCHALCH SERVIÇOS DE INTERMERua Nossa Senhora Mãe dos Homens,76                 07091000Protesto após 5 dias                                        000170
1                   000902692011248461-9646                   0000000000000009646900000000002               019646      12031400000000500000000000012N070314000000000000001670000000000000000000000000000000000000000000000118117942000110Rocha Orçai Intermediação Cartorária LtdRua dos Leites,69-Sala 118, Galeria Pôr             28470000Protesto após 5 dias                                        000171
1                   000902692011248461-9647                   0000000000000009647700000000002               019647      12031400000000500000000000012N070314000000000000001670000000000000000000000000000000000000000000000118840724000109RM SERVIÇOS DE INTERMEDIAÇÃO CARTORÁRIA Av. Getúlio Vargas,44                               48601260Protesto após 5 dias                                        000172
1                   000902692011248461-9648                   0000000000000009648500000000002               019648      12031400000001500000000000012N070314000000000000005000000000000000000000000000000000000000000000000118379292000180DOCUMENTUM BRASILIA LTDA - ME           CLN 316-BL E, LJ 06                                 70775550Protesto após 5 dias                                        000173
1                   000902692011248461-9649                   0000000000000009649300000000002               019649      12031400000001000000000000012N070314000000000000003330000000000000000000000000000000000000000000000115007025000194FV Representação Comercial LTDA         Alameda Abricó,1856-LJ 03                           28890254Protesto após 5 dias                                        000174
1                   000902692011248461-9650                   0000000000000009650700000000002               019650      12031400000000500000000000012N070314000000000000001670000000000000000000000000000000000000000000000118254685000168CASTELO BRANCO - INTERMEDIAÇÃO CARTÓRARIRua do Sol,382-Loja 06 - Centro Empresar            65300000Protesto após 5 dias                                        000175
1                   000902692011248461-9651                   0000000000000009651500000000002               019651      12031400000000500000000000012N070314000000000000001670000000000000000000000000000000000000000000000118354262000110BOFF E MULLER INTERMEDIAÇÃO CARTORÁRIA LAv. Júlio de Castilhos,1340-SL 05 - Cent            95010003Protesto após 5 dias                                        000176
1                   000902692011248461-9652                   0000000000000009652300000000002               019652      12031400000000500000000000012N070314000000000000001670000000000000000000000000000000000000000000000118596649000182LHL SERVIÇOS ADMINISTRATIVOS E INTERMEDIRua Assembléia de Deus,39-SL 411                    11500040Protesto após 5 dias                                        000177
1                   000902692011248461-9653                   0000000000000009653100000000002               019653      12031400000001500000000000012N070314000000000000005000000000000000000000000000000000000000000000000118354041000141By Trade Intermediação Cartorária LTDA  Rua Pinto de Figueiredo,55-SL 605                   20511240Protesto após 5 dias                                        000178
1                   000902692011248461-9654                   0000000000000009654P00000000002               019654      12031400000000500000000000012N070314000000000000001670000000000000000000000000000000000000000000000119289512000148P W INTERMEDIAÇÃO CARTORÁRIA LTDA       Rua Bonaire,312                                     65930000Protesto após 5 dias                                        000179
1                   000902692011248461-9655                   0000000000000009655800000000002               019655      12031400000001000000000000012N070314000000000000003330000000000000000000000000000000000000000000000118758648000197CASANOVA E CAL INTERMEDIAÇÃO CARTORÁRIA Rua Osvaldo Cruz,372-LJ 106                         41940000Protesto após 5 dias                                        000180
1                   000902692011248461-9656                   0000000000000009656600000000002               019656      12031400000000500000000000012N070314000000000000001670000000000000000000000000000000000000000000000118607091000193ROBERTA CORREA BUENO GOLO ME            Praça 9 de Julho,123                                13960000Protesto após 5 dias                                        000181
1                   000902692011248461-9657                   0000000000000009657400000000002               019657      12031400000000500000000000012N070314000000000000001670000000000000000000000000000000000000000000000103781158000134DESTRO & CABRAL INTERMEDIAÇÃO CARTORÁRIAAv. da Saudade,246                                  14840000Protesto após 5 dias                                        000182
1                   000902692011248461-9658                   0000000000000009658200000000002               019658      12031400000000500000000000012N070314000000000000001670000000000000000000000000000000000000000000000118678770000153CHIMACHI E COGHI INTERMEDIAÇÃO CARTORÁRIRua Antônio Mourão,84-SL 03                         13610090Protesto após 5 dias                                        000183
1                   000902692011248461-9659                   0000000000000009659000000000002               019659      12031400000000350000000000012N070314000000000000001170000000000000000000000000000000000000000000000118465701000161SANDRA RODRIGUES DE JESUS - EIRELI - ME Rua Tito Fulgêncio,164-SL 106, Galeria C            38500000Protesto após 5 dias                                        000184
1                   000902692011248461-9660                   0000000000000009660400000000002               019660      12031400000000500000000000012N070314000000000000001670000000000000000000000000000000000000000000000118950650000163NOVA ERA INTERMEDIAÇÃO CARTORARIA LTDA -Av. Rui Barbosa,72-SL 13                            11740970Protesto após 5 dias                                        000185
1                   000902692011248461-9661                   0000000000000009661200000000002               019661      12031400000000500000000000012N070314000000000000001670000000000000000000000000000000000000000000000118536552000184CAMPOS DO JORDAO INTERMEDIACAO CARTORARIRua Brigadeiro Jordão,636                           12460000Protesto após 5 dias                                        000186
1                   000902692011248461-9662                   0000000000000009662000000000002               019662      12031400000000400000000000012N070314000000000000001330000000000000000000000000000000000000000000000118758564000153M & M INTERMEDIAÇÃO CARTORÁRIA LTDA - MERua Dom Luis Felipe de Orleans,1177                 02118001Protesto após 5 dias                                        000187
1                   000902692011248461-9663                   0000000000000009663900000000002               019663      12031400000000350000000000012N070314000000000000001170000000000000000000000000000000000000000000000118717359000140FAVARO INTERMEDIAÇÃO CARTORÁRIA LTDA -MEAv. Cinco,300                                       14620000Protesto após 5 dias                                        000188
1                   000902692011248461-9664                   0000000000000009664700000000002               019664      12031400000001000000000000012N070314000000000000003330000000000000000000000000000000000000000000000118592122000180JET-POST INTERMEDIAÇÃO CARTORÁRIA LTDA -Av. Santo Amaro,1198                                04506001Protesto após 5 dias                                        000189
1                   000902692011248461-9665                   0000000000000009665500000000002               019665      12031400000000500000000000012N070314000000000000001670000000000000000000000000000000000000000000000118995227000180MM SERVIÇO DE INTERMEDIAÇÃO DE NEGOCIO LAv. Coumbiara,4489                                  76940000Protesto após 5 dias                                        000190
1                   000902692011248461-9666                   0000000000000009666300000000002               019666      12031400000000500000000000012N070314000000000000001670000000000000000000000000000000000000000000000119204476000172ICSF - INTERMEDIAÇÃO CARTORARIA SAPONARARua Sebastião Silvestre Neves,279-LJ 28             11600000Protesto após 5 dias                                        000191
1                   000902692011248461-9667                   0000000000000009667100000000002               019667      12031400000000500000000000012N070314000000000000001670000000000000000000000000000000000000000000000114445177000106Bruce Costa Vilafranca - ME             Rua Paschoal Gianfrancesco,60-Salão 10              13224700Protesto após 5 dias                                        000192
1                   000902692011248461-9668                   0000000000000009668P00000000002               019668      12031400000000500000000000012N070314000000000000001670000000000000000000000000000000000000000000000118917837000165VALE FV - INTERMEDIACAO CARTORARIA LTDA Rua Bernardino de Campos,44-SL 26/27, 1º            12308010Protesto após 5 dias                                        000193
1                   000902692011248461-9669                   0000000000000009669800000000002               019669      12031400000000500000000000012N070314000000000000001670000000000000000000000000000000000000000000000119044805000165RB CONSULTORIA E ASSESSORIA EIRELI      Rua Eliseu Guilherme,724                            14025020Protesto após 5 dias                                        000194
1                   000902692011248461-9670                   0000000000000009670100000000002               019670      12031400000000500000000000012N070314000000000000001670000000000000000000000000000000000000000000000119137241000105OLIVEIRA E VALDEZ INTERMEDIAÇÕES CARTORÁAlameda Doutor Carlos de Carvalho,655-LJ            80430180Protesto após 5 dias                                        000195
1                   000902692011248461-9671                   0000000000000009671P00000000002               019671      12031400000001000000000000012N070314000000000000003330000000000000000000000000000000000000000000000116990226000117E. ROFELD SERVIÇOS ADMINISTRATIVOS ME   Av. Angélica,1814-CJ 606                            01228200Protesto após 5 dias                                        000196
1                   000902692011248461-9672                   0000000000000009672800000000002               019672      12031400000001000000000000012N070314000000000000003330000000000000000000000000000000000000000000000113031763000141QUALY SERVIÇOS CARTORÁRIOS LTDA         Est. do Gabinal,313-LJ 215-216                      22760151Protesto após 5 dias                                        000197
1                   000902692011248461-9673                   0000000000000009673600000000002               019673      12031400000000500000000000012N070314000000000000001670000000000000000000000000000000000000000000000119219421000136OK INTERMEDIAÇAO CARTORARIA LTDA        Rua Jeronimo Coelho,140-SL 04                       89201205Protesto após 5 dias                                        000198
1                   000902692011248461-9674                   0000000000000009674400000000002               019674      12031400000000500000000000012N070314000000000000001670000000000000000000000000000000000000000000000119156294000173SIMPLES E ASSIM INTERMEDIAÇÃO CARTORÁRIARua Visconde do Rio Branco,824                      18602000Protesto após 5 dias                                        000199
1                   000902692011248461-9675                   0000000000000009675200000000002               019675      12031400000000500000000000012N070314000000000000001670000000000000000000000000000000000000000000000119152213000167MAIS FACIL INTERMEDIAÇÃO CARTORARIA     Av. Cel. Manoel Inocêncio,631-LJ 17                 12281010Protesto após 5 dias                                        000200
1                   000902692011248461-9676                   0000000000000009676000000000002               019676      12031400000000500000000000012N070314000000000000001670000000000000000000000000000000000000000000000118939109000154J.B. NASCIMENTO INTERMEDIAÇÃO CARTORARIARua Pará,3222                                       15502236Protesto após 5 dias                                        000201
1                   000902692011248461-9677                   0000000000000009677900000000002               019677      12031400000001000000000000012N070314000000000000003330000000000000000000000000000000000000000000000119353380000176RODOPOSTALLE SERVICOS CARTORARIOS LTDA -Rua Flores do Piauí,99-SL 03, 1º Andar              08210200Protesto após 5 dias                                        000202
1                   000902692011248461-9678                   0000000000000009678700000000002               019678      12031400000000500000000000012N070314000000000000001670000000000000000000000000000000000000000000000119079601000160M & E INTERMEDIAÇÃO CARTORÁRIA LTDA - MERua João Cesar de Oliveira,2295-SL 101,             32315000Protesto após 5 dias                                        000203
1                   000902692011248461-9679                   0000000000000009679500000000002               019679      12031400000001000000000000012N070314000000000000003330000000000000000000000000000000000000000000000119054315000140FERNANDA MUNDOSTOCK RAYMUNDO EPP        Av. Getúlio Vargas,1142                             90150002Protesto após 5 dias                                        000204
1                   000902692011248461-9680                   0000000000000009680900000000002               019680      12031400000001000000000000012N070314000000000000003330000000000000000000000000000000000000000000000110329307000194MCDI INTERMEDIAÇÕES CARTORÁRIAS LTDA - MRua Sargento João Lopes,263                         21931420Protesto após 5 dias                                        000205
1                   000902692011248461-9681                   0000000000000009681700000000002               019681      12031400000001000000000000012N070314000000000000003330000000000000000000000000000000000000000000000119403069000194SAPHYRA SERVIÇOS LTDA                   Rua Xavantes,719-SL 817                             03027900Protesto após 5 dias                                        000206
1                   000902692011248461-9330                   0000000000000009330300000000002               319330      05031400000001109610000000012N050214120000000000010000000000000000000000000000000000000000000000000209665940000174GOLD FOLEGANDROS EMPREENDIMENTOS IMOBILIAvenida Paulista,1374-13º e 14º andar               01310100                                                            000207
1                   000902692011248461-9119                   0000000000000009119P00000000002               069119      06031400000002275000000000012N310114060500000000000000000000000000000000000000000000000000000000000216942432000151Kice Serviços Administrativos Ltda - ME Av. Princesa Isabel, 256                            09310010ACORDO DE ROYALTIES                                         000208
1                   000902692011248461-9399                   0000000000000009399000000000002               319399      17031400000001511790000000012N130214120000000000010000000000000000000000000000000000000000000000000208188603000170ELTANIN INCORPORADORA LTDA              Avenida Paulista,1374-13º e 14º andar               01310100                                                            000209
9                                                                                                                                                                                                                                                                                                                                                                                                         000210