01REMESSA01COBRANCA       00000000000004130991SISTEMA DE CARTóRIO CERTIDõES 237BRADESCO       110914        MX0000742                                                                                                                                                                                                                                                                                     000001
1                   000902692011248461-11538                  0000000000000011538200000000002               0111538     15091400000000040000000000012N050914120000000000000130000000000000000000000000000000000000000000000253283180000122Tesheiner Cavassani e Giacomazi AdvogadoRua João Adolfo,118-Conj. 405                       01050020                                                            000002
1                   000902692011248461-11540                  0000000000000011540400000000002               0111540     15091400000001715000000000012N090914000000000000000000000000000000000000000000000000000000000000000253283180000122Tesheiner Cavassani e Giacomazi AdvogadoRua João Adolfo 118 cj 405                          01050020Cobrança de Custas referente a Ordem 320755/1               000003
1                   000902692011248461-11541                  0000000000000011541200000000002               0111541     19091400000000100000000000012N090914120000000000000330000000000000000000000000000000000000000000000200360305300760104 Caixa Econômica Federal             Avenida Morumbi,6918                                05650002                                                            000004
1                   000902692011248461-11542                  0000000000000011542000000000002               0111542     19091400000000150000000000012N090914120000000000000500000000000000000000000000000000000000000000000205888414000112CREAÇÕES MX FASHION LIMITADA            Rua Aimorés,210                                     01122010                                                            000005
1                   000902692011248461-11543                  0000000000000011543900000000002               0111543     19091400000008717870000000012N100914000000000000000000000000000000000000000000000000000000000000000200000000695823Banco do Brasil S.A.                    Avenida Paulista,2300                               01310300                                                            000006
1                   000902692011248461-11544                  0000000000000011544700000000002               0111544     21091400000000600000000000012N110914120000000000002000000000000000000000000000000000000000000000000262232889000190Banco Daycoval S/A                      Avenida Paulista ,1793-02º Andar                    01311200                                                            000007
1                   000902692011248461-11545                  0000000000000011545500000000002               0111545     22091400000010000000000000012N110914000000000000000000000000000000000000000000000000000000000000000100004720587461EVILSON ELIAQUIM SILVESTRE DE FONTES    RUA LUIZ CORREIA DE OLIVEIRA, 229                   55700000TAXA DE FRANQUIA LIMOEIRO-PE                                000008
1                   000902692011248461-11427                  0000000000000011427000000000002               3111427     08091400000000350000000000012N010914000000000000010000000000000000000000000000000000000000000000000116811847000196TOLEDO & PEREIRA VASSALO LTDA ME        Rua Santos Pereira,212                              37500026Protesto após 5 dias                                        000009
9                                                                                                                                                                                                                                                                                                                                                                                                         000010