01REMESSA01COBRANCA       00000000000004130991SISTEMA DE CARTóRIO CERTIDõES 237BRADESCO       110614        MX0000728                                                                                                                                                                                                                                                                                     000001
1                   000902692011248461-10692                  0000000000000010692800000000002               0110692     16061400000000405000000000012N100614000000000000000000000000000000000000000000000000000000000000000100029493124894JOÃO FELIPE NUNES LENCIONI              AV. CEL. MANOEL INOCENCIO, 631                      12281020CERTIFICADO DIGITAL                                         000002
1                   000902692011248461-10693                  0000000000000010693600000000002               0110693     20061400000000330000000000012N100614120000000000001100000000000000000000000000000000000000000000000262232889000190Banco Daycoval S/A                      Avenida Paulista ,1793-02º Andar                    01311200                                                            000003
1                   000902692011248461-10694                  0000000000000010694400000000002               0110694     20061400000000484000000000012N100614120000000000001610000000000000000000000000000000000000000000000262232889000190Banco Daycoval S/A                      Avenida Paulista ,1793-02º Andar                    01311200                                                            000004
1                   000902692011248461-10676                  0000000000000010676600000000002               0610676     17061400000015000000000000012N090614000000000000000000000000000000000000000000000000000000000000000100050093967420ERICSON ALVES MONTEIRO                  RUA CATULO DA PAIXÃO CEARENSE, Nº 1239              53120010Taxa de Franquia - Olinda/PE 1ª Parc.                       000005
9                                                                                                                                                                                                                                                                                                                                                                                                         000006