01REMESSA01COBRANCA       00000000000004130991SISTEMA DE CARTóRIO CERTIDõES 237BRADESCO       130314        MX0000704                                                                                                                                                                                                                                                                                     000001
1                   000902692011248461-9683                   0000000000000009683300000000002               019683      21031400000000180000000000012N110314120000000000000600000000000000000000000000000000000000000000000205888414000112Creações MX Fashion LTDA                Rua Aimorés - lado par,210                          01122010                                                            000002
1                   000902692011248461-9684                   0000000000000009684100000000002               019684      21031400000000127600000000012N110314120000000000000430000000000000000000000000000000000000000000000253283180000122Tesheiner Cavassani e Giacomazi AdvogadoRua João Adolfo,118-Conj. 405                       01050020                                                            000003
1                   000902692011248461-9685                   0000000000000009685P00000000002               019685      16031400000001750000000000012N110314000000000000000000000000000000000000000000000000000000000000000216966322000120INNOVARE SERVIÇOS CARTORARIOS LTDA - ME Av. Coronel Augusto Monteiro, 650                   12020160                                                            000004
1                   000902692011248461-9686                   0000000000000009686800000000002               019686      21031400000000090000000000012N110314120000000000000300000000000000000000000000000000000000000000000210377191000169ACM ASSESSORIA CONTABIL LTDA            Avenida Capitão Mário Toledo de Camargo,            09170150                                                            000005
1                   000902692011248461-9687                   0000000000000009687600000000002               019687      22031400000000560000000000012N120314120000000000001870000000000000000000000000000000000000000000000202938798000142GPS - PREDIAL SISTEMAS DE SEGURANCA LTDAAvenida Miguel Frias e Vasconcelos,1235/            05345000                                                            000006
1                   000902692011248461-9688                   0000000000000009688400000000002               019688      23031400000000326700000000012N130314120000000000001090000000000000000000000000000000000000000000000262232889000190Banco Daycoval S/A                      Avenida Paulista ,1793-02º Andar                    01311200                                                            000007
1                   000902692011248461-9689                   0000000000000009689200000000002               019689      23031400000000552200000000012N130314120000000000001840000000000000000000000000000000000000000000000217184037010506389 Banco Mercantil do Brasil S.A.      Avenida Paulista ,923                               01311100                                                            000008
1                   000902692011248461-9440                   0000000000000009440700000000002               069440      31031400000000486340000000012N1902141200000000000100000000000000000000000000000000000000000000000002000000005070911 Banco do Brasil S.A.                  Rua Doutor César - de 0449/450 a 799/080            02013002                                                            000009
9                                                                                                                                                                                                                                                                                                                                                                                                         000010