01REMESSA01COBRANCA       00000000000004130991SISTEMA DE CARTóRIO CERTIDõES 237BRADESCO       130814        MX0000739                                                                                                                                                                                                                                                                                     000001
1                   000902692011248461-11263                  0000000000000011263400000000002               0111263     21081400000000200000000000012N110814120000000000000670000000000000000000000000000000000000000000000262232889000190Banco Daycoval S/A                      Avenida Paulista ,1793-02º Andar                    01311200                                                            000002
1                   000902692011248461-11264                  0000000000000011264200000000002               0111264     21081400000001595700000000012N110814120000000000005320000000000000000000000000000000000000000000000262232889000190Banco Daycoval S/A                      Avenida Paulista ,1793-02º Andar                    01311200                                                            000003
1                   000902692011248461-11265                  0000000000000011265000000000002               0111265     21081400000001377450000000012N110814120000000000004590000000000000000000000000000000000000000000000200360305296046104 Caixa Econômica Federal             Avenida Presidente Kennedy ,83                      09913000                                                            000004
1                   000902692011248461-11266                  0000000000000011266900000000002               0111266     22081400000000693440000000012N120814120000000000002310000000000000000000000000000000000000000000000217184037010506389 Banco Mercantil do Brasil S.A.      Avenida Paulista ,923                               01311100                                                            000005
1                   000902692011248461-11267                  0000000000000011267700000000002               0111267     22081400000000176000000000012N120814120000000000000590000000000000000000000000000000000000000000000217184037010506389 Banco Mercantil do Brasil S.A.      Avenida Paulista ,923                               01311100                                                            000006
1                   000902692011248461-11268                  0000000000000011268500000000002               0111268     22081400000000176000000000012N120814120000000000000590000000000000000000000000000000000000000000000200360305267887104 Caixa Econômica Federal             Rua São Joaquim,69-5º andar                         01508000                                                            000007
1                   000902692011248461-11269                  0000000000000011269300000000002               0111269     22081400000001370680000000012N120814120000000000004570000000000000000000000000000000000000000000000201701201026811399 HSBC Bank Brasil S.A. - Banco MultipRua Guilherme Asbahr Neto,,52                       04646000                                                            000008
1                   000902692011248461-11037                  0000000000000011037200000000002               0611037     25081400000000512400000000012N010814120000000000010000000000000000000000000000000000000000000000000208188603000170ELTANIN INCORPORADORA LTDA              Avenida Paulista,1374-13º e 14º andar               01310100                                                            000009
1                   000902692011248461-11218                  0000000000000011218900000000002               3111218     08081400000000600000000000012N070814000000000000010000000000000000000000000000000000000000000000000118758564000153M & M INTERMEDIAÇÃO CARTORÁRIA LTDA - MERua Dom Luis Felipe de Orleans,1177                 02118001Protesto após 5 dias                                        000010
1                   000902692011248461-11036                  0000000000000011036400000000002               3111036     25081400000000146600000000012N010814120000000000010000000000000000000000000000000000000000000000000208188603000170ELTANIN INCORPORADORA LTDA              Avenida Paulista,1374-13º e 14º andar               01310100                                                            000011
9                                                                                                                                                                                                                                                                                                                                                                                                         000012