01REMESSA01COBRANCA       00000000000004130991SISTEMA DE CARTóRIO CERTIDõES 237BRADESCO       140214        MX0000698                                                                                                                                                                                                                                                                                     000001
1                   000902692011248461-9352                   0000000000000009352400000000002               019352      17021400000001307530000000012N070214120000000000004360000000000000000000000000000000000000000000000201701201000189399 HSBC Bank Brasil S.A. - Banco MultipRua Heitor Penteado ,1881 V                         05437002                                                            000002
1                   000902692011248461-9353                   0000000000000009353200000000002               019353      17021400000000540230000000012N0702141200000000000018000000000000000000000000000000000000000000000002000000005070911 Banco do Brasil S.A.                  Rua Doutor César - de 0449/450 a 799/080            02013002                                                            000003
1                   000902692011248461-9354                   0000000000000009354000000000002               019354      17021400000000101200000000012N070214120000000000000340000000000000000000000000000000000000000000000200360305267887104 Caixa Econômica Federal             Rua São Joaquim, 69 - 5º andar,69                   01508000                                                            000004
1                   000902692011248461-9355                   0000000000000009355900000000002               019355      17021400000000450000000000012N070214120000000000001500000000000000000000000000000000000000000000000217184037010506389 Banco Mercantil do Brasil S.A.      Avenida Paulista ,923                               01311100                                                            000005
1                   000902692011248461-9356                   0000000000000009356700000000002               019356      17021400000000199800000000012N070214120000000000000670000000000000000000000000000000000000000000000217184037010506389 Banco Mercantil do Brasil S.A.      Avenida Paulista ,923                               01311100                                                            000006
1                   000902692011248461-9357                   0000000000000009357500000000002               019357      17021400000000050600000000012N070214120000000000000170000000000000000000000000000000000000000000000200360305296046104 Caixa Econômica Federal             Avenida Presidente Kennedy ,83                      09913000                                                            000007
1                   000902692011248461-9358                   0000000000000009358300000000002               019358      12021400000003500000000000012N070214060500000000000000000000000000000000000000000000000000000000000217013577000130RIBEIRO INTERMEDIAÇÃO CARTORÁRIA LTDA.  Av. Presidente Marques, 1212                        78045008Acordo de Royalties 1/2                                     000008
1                   000902692011248461-9359                   0000000000000009359100000000002               019359      12031400000003500000000000012N070214060500000000000000000000000000000000000000000000000000000000000217013577000130RIBEIRO INTERMEDIAÇÃO CARTORÁRIA LTDA.  Av. Presidente Marques, 1212                        78045008Acordo de Royalties 2/2                                     000009
1                   000902692011248461-9360                   0000000000000009360500000000002               019360      17021400000022750000000000012N070214000000000000000000000000000000000000000000000000000000000000000100091365295915ROSSANO JARABIZA                        RUA GUARANI, 2688 CASA 05                           85900000Taxa de Franquia - TOLEDO/PR 1ª PARC.                       000010
1                   000902692011248461-9361                   0000000000000009361300000000002               019361      17031400000022750000000000012N070214000000000000000000000000000000000000000000000000000000000000000100091365295915ROSSANO JARABIZA                        RUA GUARANI, 2688 CASA 05                           85900000Taxa de Franquia - TOLEDO/PR 2ª PARC.                       000011
1                   000902692011248461-9362                   0000000000000009362100000000002               019362      17021400000001000000000000012N070214000000000000000000000000000000000000000000000000000000000000000100091365295915ROSSANO JARABIZA                        RUA GUARANI, 2688 CASA 05                           85900000Taxa de Franquia - TOLEDO/PR POST OFFICE                    000012
1                   000902692011248461-9363                   0000000000000009363P00000000002               019363      28021400000005000000000000012N100214000000000000000000000000000000000000000000000000000000000000000100005847008732JULIANA JUAREZ ROSA                     RUA TURMALINA, 79                                   24801160Taxa de Franquia - ITABORAÍ/RJ 2ª PARC.                     000013
1                   000902692011248461-9364                   0000000000000009364800000000002               019364      31031400000005000000000000012N100214000000000000000000000000000000000000000000000000000000000000000100096824581704RICARDO LUIZ DE SALLES SOUZA            RUA TURMALINA, 79                                   24801160Taxa de Franquia - ITABORAÍ/RJ 3ª PARC.                     000014
1                   000902692011248461-9365                   0000000000000009365600000000002               019365      20021400000001964010000000012N100214120000000000006550000000000000000000000000000000000000000000000260911864000197Comax Assessoria Empresarial Ltda.      Rua São Bento,365-12º andar                         01011100                                                            000015
1                   000902692011248461-9366                   0000000000000009366400000000002               019366      20021400000000653400000000012N100214120000000000002180000000000000000000000000000000000000000000000262232889000190Banco Daycoval S/A                      Avenida Paulista ,1793-02º Andar                    01311200                                                            000016
1                   000902692011248461-9367                   0000000000000009367200000000002               019367      21021400000002122810000000012N1102141200000000000070800000000000000000000000000000000000000000000002000000005070911 Banco do Brasil S.A.                  Rua Doutor César - de 0449/450 a 799/080            02013002                                                            000017
1                   000902692011248461-9368                   0000000000000009368000000000002               019368      10031400000000050000000000012N110214120000000000000000000000000000000000000000000000000000000000000219152213000167MAIS FACIL INTERMEDIAÇÃO CARTORARIA     Av. Cel. Manoel Inocêncio, 631 LJ 17                12281010Sistema IMOVI                                               000018
1                   000902692011248461-9369                   0000000000000009369900000000002               019369      10031400000000050000000000012N110214120000000000000000000000000000000000000000000000000000000000000218123632000108MARCIA JULIO SCHALCH SERVIÇOS DE INTERMERua Nossa Senhora Mãe dos Homens, 76                07091000Sistema IMOVI                                               000019
1                   000902692011248461-9370                   0000000000000009370200000000002               019370      10031400000000050000000000012N110214120000000000000000000000000000000000000000000000000000000000000218384480000105INTERMEDIAÇÃO CARTORÁRIA INTERLAGOS LTDAAv. Nossa Senhora do Sabará, 1687                   04685004Sistema IMOVI                                               000020
1                   000902692011248461-9371                   0000000000000009371000000000002               019371      10031400000000050000000000012N110214120000000000000000000000000000000000000000000000000000000000000218917837000165VALE FV - INTERMEDIACAO CARTORARIA LTDA Rua Bernardino de Campos,44 SL 26/27, 1º            12308010Sistema IMOVI                                               000021
1                   000902692011248461-9372                   0000000000000009372900000000002               019372      10031400000000050000000000012N110214120000000000000000000000000000000000000000000000000000000000000217605176000170CARIRI INTERMEDIACAO CARTORARIA LTDA - MRua Delmiro Gouveia, 51                             63010075Sistema IMOVI                                               000022
1                   000902692011248461-9373                   0000000000000009373700000000002               019373      10031400000000050000000000012N110214120000000000000000000000000000000000000000000000000000000000000218678770000153CHIMACHI E COGHI INTERMEDIAÇÃO CARTORÁRIRua Antônio Mourão, 84 SL03                         13610090Sistema IMOVI                                               000023
1                   000902692011248461-9374                   0000000000000009374500000000002               019374      10031400000000050000000000012N110214120000000000000000000000000000000000000000000000000000000000000216456499000186FILADELFIA SERVIÇOS CARTORÁRIOS E DOCUMERua Ambrósio, 158                                   26580250Sistema IMOVI                                               000024
1                   000902692011248461-9375                   0000000000000009375300000000002               019375      10031400000000050000000000012N110214120000000000000000000000000000000000000000000000000000000000000218465701000161SANDRA RODRIGUES DE JESUS - EIRELI - ME Rua Tito Fulgêncio, 164 SL 106                      38500000Sistema IMOVI                                               000025
1                   000902692011248461-9376                   0000000000000009376100000000002               019376      10031400000000050000000000012N110214120000000000000000000000000000000000000000000000000000000000000215803475000193PEDRO, BASTOS & JONES SERVIÇOS ASMINISTRRua Duque de Caxias, 01 / SL 31                     28613060Sistema IMOVI                                               000026
1                   000902692011248461-9377                   0000000000000009377P00000000002               019377      10031400000000050000000000012N110214120000000000000000000000000000000000000000000000000000000000000213622593000170Moraes & Vessoni Serv. e Ass. CartorariaRua Paraná, 629                                     19900021Sistema IMOVI                                               000027
1                   000902692011248461-9378                   0000000000000009378800000000002               019378      10031400000000050000000000012N110214120000000000000000000000000000000000000000000000000000000000000211253279000131ÁGAPE SERVIÇOS E INTERMEDIAÇÕES CARTORÁRR. Gov. Pedro de Toledo, 569                        13400070Sistema IMOVI                                               000028
1                   000902692011248461-9379                   0000000000000009379600000000002               019379      10031400000000050000000000012N110214120000000000000000000000000000000000000000000000000000000000000218995227000180MM SERVIÇO DE INTERMEDIAÇÃO DE NEGOCIO LAv. Coumbiara, 4489                                 76940000Sistema IMOVI                                               000029
1                   000902692011248461-9380                   0000000000000009380P00000000002               019380      10031400000000050000000000012N110214120000000000000000000000000000000000000000000000000000000000000217292398000180DOTTON INTERMEDIACAO CARTORARIA LTDA - MRua Senador Fláquer, 241 Conjunto 09                09010160Sistema IMOVI                                               000030
1                   000902692011248461-9381                   0000000000000009381800000000002               019381      10031400000000050000000000012N110214120000000000000000000000000000000000000000000000000000000000000216608106000102CONTAK INTERMEDIAÇÕES CARTORARIAS LTDA  Av. Conselheiro Nebias, 754                         11045002Sistema IMOVI                                               000031
1                   000902692011248461-9382                   0000000000000009382600000000002               019382      10031400000000050000000000012N110214120000000000000000000000000000000000000000000000000000000000000211834699000101REGIS ORLANDINI ASSESSORIA CARTORARIA LTAv. João Naves de Ávila,81                          38400600Sistema IMOVI                                               000032
1                   000902692011248461-9383                   0000000000000009383400000000002               019383      10031400000000050000000000012N110214120000000000000000000000000000000000000000000000000000000000000218379292000180DOCUMENTUM BRASILIA LTDA - ME           CLN 316 BL E, LJ 06                                 70775550Sistema IMOVI                                               000033
1                   000902692011248461-9384                   0000000000000009384200000000002               019384      10031400000000050000000000012N110214120000000000000000000000000000000000000000000000000000000000000217206713000109FABIO TOMAZ CARDOSO - ME                Rua Primeiro de Maio, 202 / SL 507                  09015030Sistema IMOVI                                               000034
1                   000902692011248461-9385                   0000000000000009385000000000002               019385      21021400000000088560000000012N110214120000000000000300000000000000000000000000000000000000000000000210377191000169ACM ASSESSORIA CONTABIL LTDA            Avenida Capitão Mário Toledo de Camargo,            09170150                                                            000035
1                   000902692011248461-9386                   0000000000000009386900000000002               019386      17021400000001247210000000012N110214120000000000000000000000000000000000000000000000000000000000000200360305000104104 Caixa Economica Federal             Avenida Aquidabã 484 - 9º andar                     13030710                                                            000036
1                   000902692011248461-9387                   0000000000000009387700000000002               019387      22021400000000164450000000012N120214120000000000000550000000000000000000000000000000000000000000000253283180000122Tesheiner Cavassani e Giacomazi AdvogadoRua João Adolfo,118-Conj. 405                       01050020                                                            000037
1                   000902692011248461-9388                   0000000000000009388500000000002               019388      22021400000000069710000000012N120214120000000000000230000000000000000000000000000000000000000000000253283180000122Tesheiner Cavassani e Giacomazi AdvogadoRua João Adolfo,118-Conj. 405                       01050020                                                            000038
1                   000902692011248461-9389                   0000000000000009389300000000002               019389      22021400000000088560000000012N120214120000000000000300000000000000000000000000000000000000000000000210377191000169ACM ASSESSORIA CONTABIL LTDA            Avenida Capitão Mário Toledo de Camargo,            09170150                                                            000039
1                   000902692011248461-9390                   0000000000000009390700000000002               019390      22021400000000536800000000012N120214120000000000001790000000000000000000000000000000000000000000000217184037010506389 Banco Mercantil do Brasil S.A.      Avenida Paulista ,923                               01311100                                                            000040
1                   000902692011248461-9391                   0000000000000009391500000000002               019391      22021400000000176000000000012N120214120000000000000590000000000000000000000000000000000000000000000262232889000190Banco Daycoval S/A                      Avenida Paulista ,1793-02º Andar                    01311200                                                            000041
1                   000902692011248461-9392                   0000000000000009392300000000002               019392      22021400000000160600000000012N120214120000000000000540000000000000000000000000000000000000000000000262232889000190Banco Daycoval S/A                      Avenida Paulista ,1793-02º Andar                    01311200                                                            000042
1                   000902692011248461-9393                   0000000000000009393100000000002               019393      22021400000000223300000000012N120214120000000000000740000000000000000000000000000000000000000000000216587135000135SBA Torres Brasil, Limitada             Alameda Madeira,222-15º andar                       06454010                                                            000043
1                   000902692011248461-9394                   0000000000000009394P00000000002               019394      22021400000000233920000000012N120214120000000000000780000000000000000000000000000000000000000000000260911864000197Comax Assessoria Empresarial Ltda.      Rua São Bento,365-12º andar                         01011100                                                            000044
1                   000902692011248461-9395                   0000000000000009395800000000002               019395      17031400000000085400000000012N130214000000000000000000000000000000000000000000000000000000000000000209665940000174GOLD FOLEGANDROS EMPREENDIMENTOS IMOBILIAV. PAULISTA 01374/ AND 13 SL G. FOLEGAN            01310100                                                            000045
1                   000902692011248461-9396                   0000000000000009396600000000002               019396      17031400000000512400000000012N130214000000000000000000000000000000000000000000000000000000000000000208536102000138CONQUISTA EMPREENDIMENTO IMOBILIARIO SPER. GOMES DE CARVALHO, 01510 / 6 ANDAR               04547005                                                            000046
1                   000902692011248461-9397                   0000000000000009397400000000002               019397      17031400000002479640000000012N130214120000000000008270000000000000000000000000000000000000000000000208982379000194GOLD ACRE EMPREENDIMENTOS IMOBILIARIOS SAvenida Paulista,1374-13º e 14º andar               01310100                                                            000047
1                   000902692011248461-9398                   0000000000000009398200000000002               019398      17031400000000512400000000012N130214120000000000001710000000000000000000000000000000000000000000000208536102000138CONQUISTA EMPREENDIMENTOS IMOBILIARIO SPAvenida Paulista,1374-13º e 14º andar               01310100                                                            000048
1                   000902692011248461-9399                   0000000000000009399000000000002               019399      17031400000001512000000000012N130214120000000000005040000000000000000000000000000000000000000000000208188603000170ELTANIN INCORPORADORA LTDA              Avenida Paulista,1374-13º e 14º andar               01310100                                                            000049
1                   000902692011248461-9400                   0000000000000009400800000000002               019400      17031400000001244000000000012N130214120000000000004150000000000000000000000000000000000000000000000210899967000100GOLD LEROS EMPREENDIMENTOS IMOBILIARIOS Avenida Paulista,1374-13º e 14º andar               01310100                                                            000050
1                   000902692011248461-9401                   0000000000000009401600000000002               019401      17031400000000447000000000012N130214120000000000001490000000000000000000000000000000000000000000000208991529000126GOLD MARILIA EMPREENDIMENTOS IMOBILIARIOAvenida Paulista - de 612 a 1510 - lado             01310100                                                            000051
1                   000902692011248461-9402                   0000000000000009402400000000002               019402      23021400000000176000000000012N130214120000000000000590000000000000000000000000000000000000000000000262232889000190Banco Daycoval S/A                      Avenida Paulista ,1793-02º Andar                    01311200                                                            000052
1                   000902692011248461-9403                   0000000000000009403200000000002               019403      20021400000000100000000000012N130214000000000000000000000000000000000000000000000000000000000000000216383668000103MADJ SERVIÇOS DE INTERMEDIAÇÃO CARTORÁRIRua Nestor de Barros, 48                            03325050Campanha Google                                             000053
1                   000902692011248461-9404                   0000000000000009404000000000002               019404      20021400000000100000000000012N130214000000000000000000000000000000000000000000000000000000000000000100013321680000Ana Claudia Barbiere Alves Ferreira - MEAv. Brasil, 326                                     14801050Campanha Google                                             000054
1                   000902692011248461-9405                   0000000000000009405900000000002               019405      20021400000000100000000000012N130214000000000000000000000000000000000000000000000000000000000000000217234137000103Postal Services - Assessoria e Serviços Rua Duque de Caxias, 161                            06401010Campanha Google                                             000055
1                   000902692011248461-9406                   0000000000000009406700000000002               019406      20021400000000100000000000012N130214000000000000000000000000000000000000000000000000000000000000000213238744000190ARCHANJO TEIXEIRA PREPARAÇÃO DE DOCUMENTAv. Brasil, 1586 Loja 06                            30140003Campanha Google                                             000056
1                   000902692011248461-9407                   0000000000000009407500000000002               019407      20021400000000100000000000012N130214000000000000000000000000000000000000000000000000000000000000000217829100000128JS & BOIM INTERMEDIAÇÃO CARTORÁRIA LTDA Rua Tabatinguera, 140 SL 409 e 410                  01020000Campanha Google                                             000057
1                   000902692011248461-9408                   0000000000000009408300000000002               019408      20021400000000100000000000012N130214000000000000000000000000000000000000000000000000000000000000000215803475000193PEDRO, BASTOS & JONES SERVIÇOS ASMINISTRRua Duque de Caxias, 01 SL 31                       28613060Campanha Google                                             000058
1                   000902692011248461-9409                   0000000000000009409100000000002               019409      20021400000000100000000000012N130214000000000000000000000000000000000000000000000000000000000000000213622593000170Moraes & Vessoni Serv. e Ass. CartorariaRua Paraná, 629                                     19900021Campanha Google                                             000059
1                   000902692011248461-9410                   0000000000000009410500000000002               019410      20021400000000100000000000012N130214000000000000000000000000000000000000000000000000000000000000000213743219000122Valentim e Silva Serviços               Praça Antônio Dias, 584                             38700110Campanha Google                                             000060
1                   000902692011248461-9411                   0000000000000009411300000000002               019411      20021400000000100000000000012N130214000000000000000000000000000000000000000000000000000000000000000226069567000108JPS SERVIÇOS LTDA ME                    Rua Apinajés, 1100 Cj. 501                          05017000Campanha Google                                             000061
1                   000902692011248461-9412                   0000000000000009412100000000002               019412      20021400000000100000000000012N130214000000000000000000000000000000000000000000000000000000000000000211253279000131ÁGAPE SERVIÇOS E INTERMEDIAÇÕES CARTORÁRR. Gov. Pedro de Toledo, 569                        13400070Campanha Google                                             000062
1                   000902692011248461-9413                   0000000000000009413P00000000002               019413      20021400000000100000000000012N130214000000000000000000000000000000000000000000000000000000000000000214467333000130Sirley Santos Niemic - ME               Av. Municipal, 1779 A                               78250000Campanha Google                                             000063
1                   000902692011248461-9414                   0000000000000009414800000000002               019414      20021400000000100000000000012N130214000000000000000000000000000000000000000000000000000000000000000217882102000180JK INTERMEDIAÇÕES CARTORÁRIAS           Av. Francisco Monteiro, 95                          09400310Campanha Google                                             000064
1                   000902692011248461-9415                   0000000000000009415600000000002               019415      20021400000000100000000000012N130214000000000000000000000000000000000000000000000000000000000000000215007025000194FV Representação Comercial LTDA         Alameda Abricó, 1856 LJ 03                          28890254Campanha Google                                             000065
1                   000902692011248461-9416                   0000000000000009416400000000002               019416      20021400000000100000000000012N130214000000000000000000000000000000000000000000000000000000000000000211144435000126M&Z DOCUMENTOS CARTORÁRIOS LTDA         R. da Assembléia, 10 12º Andar SL 1221              20011000Campanha Google                                             000066
1                   000902692011248461-9417                   0000000000000009417200000000002               019417      20021400000000100000000000012N130214000000000000000000000000000000000000000000000000000000000000000213350598000190CP SERVIÇOS ADMINISTRATIVO LTDA - ME    Rua Arnaldo Estevão de Figueiredo, 640              78700150Campanha Google                                             000067
1                   000902692011248461-9418                   0000000000000009418000000000002               019418      20021400000000100000000000012N130214000000000000000000000000000000000000000000000000000000000000000216456499000267FILADELFIA CARTORÁRIOS E DOCUMENTAIS    Rua Antônio Teles de Menezes, 41 SL 407             25520630Campanha Google                                             000068
1                   000902692011248461-9419                   0000000000000009419900000000002               019419      20021400000000100000000000012N130214000000000000000000000000000000000000000000000000000000000000000211163439000151RF-SERVICOS DE DOCUMENTACAO LTDA        Av. Mal. Castelo Branco, 173-A                      65076090Campanha Google                                             000069
1                   000902692011248461-9420                   0000000000000009420200000000002               019420      20021400000000100000000000012N130214000000000000000000000000000000000000000000000000000000000000000210999668000148ASSESSORIA E CONSULTORIA DE DOCUMENTOS ER. Leopoldo Machado, 242 Loja 02                    18035075Campanha Google                                             000070
1                   000902692011248461-9421                   0000000000000009421000000000002               019421      20021400000000100000000000012N130214000000000000000000000000000000000000000000000000000000000000000211029315000188SUZAN CART CERTIDOES LTDA - ME          Rua Gal. Francisco Glicério, 1185                   08674003Campanha Google                                             000071
1                   000902692011248461-9422                   0000000000000009422900000000002               019422      20021400000000100000000000012N130214000000000000000000000000000000000000000000000000000000000000000211834699000101REGIS ORLANDINI ASSESSORIA CARTORARIA LTAv. João Naves de Ávila, 81                         38400600Campanha Google                                             000072
1                   000902692011248461-9423                   0000000000000009423700000000002               019423      20021400000000100000000000012N130214000000000000000000000000000000000000000000000000000000000000000218758564000153M & M INTERMEDIAÇÃO CARTORÁRIA LTDA - MERua Dom Luis Felipe de Orleans, 1177                02118001Campanha Google                                             000073
1                   000902692011248461-9424                   0000000000000009424500000000002               019424      24021400000000176000000000012N140214120000000000000590000000000000000000000000000000000000000000000217184037010506389 Banco Mercantil do Brasil S.A.      Avenida Paulista ,923                               01311100                                                            000074
1                   000902692011248461-9425                   0000000000000009425300000000002               019425      24021400000000129800000000012N140214120000000000000430000000000000000000000000000000000000000000000217184037010506389 Banco Mercantil do Brasil S.A.      Avenida Paulista ,923                               01311100                                                            000075
1                   000902692011248461-9426                   0000000000000009426100000000002               019426      24021400000000470880000000012N140214120000000000001570000000000000000000000000000000000000000000000260911864000197Comax Assessoria Empresarial Ltda.      Rua São Bento,365-12º andar                         01011100                                                            000076
1                   000902692011248461-9427                   0000000000000009427P00000000002               019427      24021400000000231000000000012N140214120000000000000770000000000000000000000000000000000000000000000200360305063700104 Caixa Econômica Federal             AV: Rui Barbosa, 281/287,281                        06311000                                                            000077
1                   000902692011248461-9428                   0000000000000009428800000000002               019428      24021400000000495960000000012N140214120000000000001650000000000000000000000000000000000000000000000200360305025441104 Caixa Econômica Federal             RUA: Joaquim Floriano, 446,446                      04534002                                                            000078
1                   000902692011248461-9429                   0000000000000009429600000000002               019429      24021400000000540230000000012N1402141200000000000018000000000000000000000000000000000000000000000002000000005070911 Banco do Brasil S.A.                  Rua Doutor César ,530-11º andar                     02013002                                                            000079
1                   000902692011248461-9430                   0000000000000009430P00000000002               019430      24021400000000113300000000012N140214120000000000000380000000000000000000000000000000000000000000000253283180000122Tesheiner Cavassani e Giacomazi AdvogadoRua João Adolfo,118-Conj. 405                       01050020                                                            000080
1                   000902692011248461-9344                   0000000000000009344300000000002               069344      11021400000009000000000000012N050214000000000000000000000000000000000000000000000000000000000000000100035005690808Camila Rafaela Souza Nobrega            Av. Rio de Janeiro                                  11750000Taxa de Franquia - Peruíbe/SP                               000081
1                   000902692011248461-9344                   0000000000000009344300000000002               069344      13021400000009000000000000012N050214000000000000000000000000000000000000000000000000000000000000000100035005690808Camila Rafaela Souza Nobrega            Av. Rio de Janeiro                                  11750000Taxa de Franquia - Peruíbe/SP                               000082
1                   000902692011248461-9076                   0000000000000009076200000000002               069076      20021400000002687500000000012N100114060500000000000000000000000000000000000000000000000000000000000212587280000165RTC INTERMEDIAÇÃO CARTORÁRIA LTDA - ME  Rua Montenegro, 171A                                11410040ACORDO ROYALTIES 3/3                                        000083
1                   000902692011248461-9349                   0000000000000009349400000000002               069349      22021400000002462500000000012N060214120000000000010000000000000000000000000000000000000000000000000260911864000197Comax Assessoria Empresarial Ltda.      Rua São Bento,365-12º andar                         01011100                                                            000084
1                   000902692011248461-9310                   0000000000000009310900000000002               069310      22021400000002841530000000012N050214120000000000010000000000000000000000000000000000000000000000000260911864000197Comax Assessoria Empresarial Ltda.      Rua São Bento,365-12º andar                         01011100                                                            000085
1                   000902692011248461-9324                   0000000000000009324900000000002               029324      05031400000000085400000000012N050214120000000000010000000000000000000000000000000000000000000000000207981917000163AGIN EMPREENDIMENTOS E PARTICIPAÇÕES SPEAvenida Paulista,1374-13º e 14º andar               01310100                                                            000086
1                   000902692011248461-9326                   0000000000000009326500000000002               319326      05031400000000512400000000012N050214120000000000010000000000000000000000000000000000000000000000000208536102000138CONQUISTA EMPREENDIMENTO IMOBILIARIO SPEAvenida Paulista - de 612 a 1510 - lado             01310100                                                            000087
9                                                                                                                                                                                                                                                                                                                                                                                                         000088