01REMESSA01COBRANCA       00000000000004130991SISTEMA DE CARTóRIO CERTIDõES 237BRADESCO       150414        MX0000709                                                                                                                                                                                                                                                                                     000001
1                   000902692011248461-9791                   0000000000000009791000000000002               019791      13041400000000450000000000012N030414120000000000001500000000000000000000000000000000000000000000000205888414000112CREAÇÕES MX FASHION LIMITADA            Rua Aimorés - lado par,210                          01122010                                                            000002
1                   000902692011248461-9792                   0000000000000009792900000000002               019792      14041400000000242000000000012N040414120000000000000810000000000000000000000000000000000000000000000262232889000190Banco Daycoval S/A                      Avenida Paulista ,1793-02º Andar                    01311200                                                            000003
1                   000902692011248461-9793                   0000000000000009793700000000002               019793      14041400000000180000000000012N040414120000000000000600000000000000000000000000000000000000000000000100017683448842LUIS MARTINS NETTO                      Rua Júlio Ribeiro,243-LOJA 224                      03010030                                                            000004
1                   000902692011248461-9794                   0000000000000009794500000000002               019794      14041400000000314450000000012N040414120000000000001050000000000000000000000000000000000000000000000253283180000122Tesheiner Cavassani e Giacomazi AdvogadoJoão Adolfo, 118 - ,118-Conj. 405                   01050020                                                            000005
1                   000902692011248461-9795                   0000000000000009795300000000002               019795      08041400000000014000000000012N060414000000000000000050000000000000000000000000000000000000000000000110918131000106PROCART - PROCESSOS CARTORAIS LTDA      Rua Primeiro de Janeiro,35-Sala 101                 35180032Protesto após 5 dias                                        000006
1                   000902692011248461-9796                   0000000000000009796100000000002               019796      08041400000000655230000000012N060414000000000000002180000000000000000000000000000000000000000000000111029315000188SUZAN CART CERTIDOES LTDA - ME          Rua Gal. Francisco Glicério,1185                    08674003Protesto após 5 dias                                        000007
1                   000902692011248461-9797                   0000000000000009797P00000000002               019797      08041400000000500000000000012N060414000000000000001670000000000000000000000000000000000000000000000111198466000160GOMES & KUNCEVICIUS LTDA ME             Rua Prisciliana de Castilho,374-Sala 06             11660330Protesto após 5 dias                                        000008
1                   000902692011248461-9798                   0000000000000009798800000000002               019798      08041400000000185210000000012N060414000000000000000620000000000000000000000000000000000000000000000111163439000151RF-SERVICOS DE DOCUMENTACAO LTDA.       Av. Mal. Castelo Branco,173-A                       65076090Protesto após 5 dias                                        000009
1                   000902692011248461-9799                   0000000000000009799600000000002               019799      08041400000001800000000000012N060414000000000000006000000000000000000000000000000000000000000000000110999668000148ASSESSORIA E CONSULTORIA DE DOCUMENTOS ER. Leopoldo Machado,242-Loja 02                     18035075Protesto após 5 dias                                        000010
1                   000902692011248461-9800                   0000000000000009800300000000002               019800      08041400000001300000000000012N060414000000000000004330000000000000000000000000000000000000000000000111165549000152D´ VASQUEZ SERVIÇOS CARTORARIOS LTDA - EAv. Dr. João Guilhermino,293                        12210131Protesto após 5 dias                                        000011
1                   000902692011248461-9801                   0000000000000009801100000000002               019801      08041400000000427250000000012N060414000000000000001420000000000000000000000000000000000000000000000111144435000126M&Z DOCUMENTOS CARTORÁRIOS LTDA         R. da Assembléia,10-12º Andar SL 1221               20011000Protesto após 5 dias                                        000012
1                   000902692011248461-9802                   0000000000000009802P00000000002               019802      08041400000001000000000000012N060414000000000000003330000000000000000000000000000000000000000000000114816778000188Oliveira Intermediação Cartorária LTDA MRua Delfino Cintra,500 AxB                          13020100Protesto após 5 dias                                        000013
1                   000902692011248461-9803                   0000000000000009803800000000002               019803      08041400000000500000000000012N060414000000000000001670000000000000000000000000000000000000000000000111253279000131ÁGAPE SERVIÇOS E INTERMEDIAÇÕES CARTORÁRR. Gov. Pedro de Toledo,569                         13400070Protesto após 5 dias                                        000014
1                   000902692011248461-9804                   0000000000000009804600000000002               019804      08041400000001000000000000012N060414000000000000003330000000000000000000000000000000000000000000000106058057000128CTPOST SERVIÇOS LTDA ME                 R. Chaves Barcelos,131                              90030120Protesto após 5 dias                                        000015
1                   000902692011248461-9805                   0000000000000009805400000000002               019805      08041400000000063250000000012N060414000000000000000210000000000000000000000000000000000000000000000113238744000190ARCHANJO TEIXEIRA PREPARAÇÃO DE DOCUMENTAv. Brasil,1586-Loja 06                             30140003Protesto após 5 dias                                        000016
1                   000902692011248461-9806                   0000000000000009806200000000002               019806      08041400000000120790000000012N060414000000000000000400000000000000000000000000000000000000000000000112761154000185MC PRESTADORA DE SERVIÇOS ADMINISTRATIVORua Marechal José B. Bormann,164 E-Sala             89802120Protesto após 5 dias                                        000017
1                   000902692011248461-9807                   0000000000000009807000000000002               019807      08041400000000041070000000012N060414000000000000000140000000000000000000000000000000000000000000000111675298000156MORANDO & MORANDO SERV TRANSCRIÇÃO DOCUMRua Tibiriçá,189                                    14010090Protesto após 5 dias                                        000018
1                   000902692011248461-9808                   0000000000000009808900000000002               019808      08041400000000700000000000012N060414000000000000002330000000000000000000000000000000000000000000000113594653000198Melo e Cunha Consultoria e Assessoria LtAv. Presidente João Goulart,LJ 47B-QD 2             74968890Protesto após 5 dias                                        000019
1                   000902692011248461-9809                   0000000000000009809700000000002               019809      08041400000001090750000000012N060414000000000000003640000000000000000000000000000000000000000000000111834699000101REGIS ORLANDINI ASSESSORIA CARTORARIA LTAv. João Naves de Ávila,81                          38400600Protesto após 5 dias                                        000020
1                   000902692011248461-9810                   0000000000000009810000000000002               019810      08041400000000500000000000012N060414000000000000001670000000000000000000000000000000000000000000000111864024000105AGICART - SERVIÇOS DOCUMENTALISTAS INTERRua Afonso Pena,5-47                                17060250Protesto após 5 dias                                        000021
1                   000902692011248461-9811                   0000000000000009811900000000002               019811      08041400000000004500000000012N060414000000000000000020000000000000000000000000000000000000000000000111838860000115M.L. CARDOSO - PRESTAÇÃO DE SERVIÇOS - ERua Luiz Pereira Barreto,304                        16010320Protesto após 5 dias                                        000022
1                   000902692011248461-9812                   0000000000000009812700000000002               019812      08041400000000203870000000012N060414000000000000000680000000000000000000000000000000000000000000000118433773000127MUZETI ASSESSORIA CARTORARIA LTDA ME    Rua 20,1022                                         14780070Protesto após 5 dias                                        000023
1                   000902692011248461-9813                   0000000000000009813500000000002               019813      08041400000000500000000000012N060414000000000000001670000000000000000000000000000000000000000000000119450025000115SAITO & SAITO ASSESSORIA E SERVIÇOS LTDAAv. Francisco de Paula Leite,1699                   13344325Protesto após 5 dias                                        000024
1                   000902692011248461-9814                   0000000000000009814300000000002               019814      08041400000000500000000000012N060414000000000000001670000000000000000000000000000000000000000000000112443155000181ASSESSORIA E CONSULTORIA CARTORARIA DE DRua Santa Cruz,652                                  13300090Protesto após 5 dias                                        000025
1                   000902692011248461-9815                   0000000000000009815100000000002               019815      08041400000000137000000000012N060414000000000000000460000000000000000000000000000000000000000000000113619244000107BRAGPOST ASSESSORIA CARTORARIA LTDA     Av. Antonio Pires Pimentel,707                      12914001Protesto após 5 dias                                        000026
1                   000902692011248461-9816                   0000000000000009816P00000000002               019816      08041400000000500000000000012N060414000000000000001670000000000000000000000000000000000000000000000112632803000148RUBIANA SERVIÇOS DE CARTORIO, CERTIDÕES Rua das Esmeraldas,186                              09920520Protesto após 5 dias                                        000027
1                   000902692011248461-9817                   0000000000000009817800000000002               019817      08041400000000500000000000012N060414000000000000001670000000000000000000000000000000000000000000000102248702000114MOURA E MENEZES SERVIÇOS ADMINISTRATIVOSRua Dr. Curvelo Cavalcante,189-Loja 101             23810201Protesto após 5 dias                                        000028
1                   000902692011248461-9818                   0000000000000009818600000000002               019818      08041400000000500000000000012N060414000000000000001670000000000000000000000000000000000000000000000111619454000161ASSESSORIA CARTORÁRIA DO NORDESTE LTDA  Av. Conselheiro Rosa e Silva,1460-Sala 1            52020220Protesto após 5 dias                                        000029
1                   000902692011248461-9819                   0000000000000009819400000000002               019819      08041400000000500000000000012N060414000000000000001670000000000000000000000000000000000000000000000112572498000146Alphacentral Documentos e Serviços LTDA Rua Cel. Siqueira de Moraes,125/127                 13201032Protesto após 5 dias                                        000030
1                   000902692011248461-9820                   0000000000000009820800000000002               019820      08041400000000004270000000012N060414000000000000000010000000000000000000000000000000000000000000000112837049000182TOWER NITEROI SERVIÇOS DE CARTÓRIO E CERRua Visconde de Sepetiba,935-SL 625                 24020206Protesto após 5 dias                                        000031
1                   000902692011248461-9821                   0000000000000009821600000000002               019821      08041400000000089650000000012N060414000000000000000300000000000000000000000000000000000000000000000112139078000170RW MARIZ ESTRUTURA CARTORAL LTDA        Av Epitácio Pessoa,475-Sala 05                      58030906Protesto após 5 dias                                        000032
1                   000902692011248461-9822                   0000000000000009822400000000002               019822      08041400000000500000000000012N060414000000000000001670000000000000000000000000000000000000000000000112498961000157HANNAH ASSESSORIA CARTORÁRIA LTDA       Rua Visconde de Mauá,208-Térreo                     45652468Protesto após 5 dias                                        000033
1                   000902692011248461-9823                   0000000000000009823200000000002               019823      08041400000001750000000000012N060414000000000000005830000000000000000000000000000000000000000000000113133167000172G I CART SERVIÇOS ORGANIZACIONAIS LTDA  Rua dos Marianos,132                                06016050Protesto após 5 dias                                        000034
1                   000902692011248461-9824                   0000000000000009824000000000002               019824      08041400000000006000000000012N060414000000000000000020000000000000000000000000000000000000000000000113287999000143ASSESSORIA CARTORÁRIA PÁDUA LTDA        Rua Tiradentes,112-SL 201                           28300000Protesto após 5 dias                                        000035
1                   000902692011248461-9825                   0000000000000009825900000000002               019825      08041400000000500000000000012N060414000000000000001670000000000000000000000000000000000000000000000115369569000104FERRAGUT E MUZEL SERVIÇOS ADMINISTRATIVORua Barão de Mauá,1152-Piso Superior, SL            13276080Protesto após 5 dias                                        000036
1                   000902692011248461-9826                   0000000000000009826700000000002               019826      08041400000000047910000000012N060414000000000000000160000000000000000000000000000000000000000000000113913099000164ERM Serviços Administrativos LTDA       Rua 7 de Setembro,1315                              89010203Protesto após 5 dias                                        000037
1                   000902692011248461-9827                   0000000000000009827500000000002               019827      08041400000000034950000000012N060414000000000000000120000000000000000000000000000000000000000000000113321680000197Ana Claudia Barbiere Alves Ferreira - MEAv. Brasil,326                                      14801050Protesto após 5 dias                                        000038
1                   000902692011248461-9828                   0000000000000009828300000000002               019828      08041400000000013000000000012N060414000000000000000040000000000000000000000000000000000000000000000117655488000198KAEL INTERMEDIAÇÕES CARTORÁRIAS LTDA ME Av. Monte Castelo,720                               13450032Protesto após 5 dias                                        000039
1                   000902692011248461-9829                   0000000000000009829100000000002               019829      08041400000000055300000000012N060414000000000000000180000000000000000000000000000000000000000000000113350598000190CP SERVIÇOS ADMINISTRATIVO LTDA - ME    Rua Arnaldo Estevão de Figueiredo,640               78700150Protesto após 5 dias                                        000040
1                   000902692011248461-9830                   0000000000000009830500000000002               019830      08041400000000073040000000012N060414000000000000000240000000000000000000000000000000000000000000000113406670000154RODRIGUES E VIEIRA LTDA.                104 SUL RUA SE 05 LOTE 23 | AC JK CAIXA             77006970Protesto após 5 dias                                        000041
1                   000902692011248461-9831                   0000000000000009831300000000002               019831      08041400000000023850000000012N060414000000000000000080000000000000000000000000000000000000000000000113743219000122Valentim e Silva Serviços               Praça Antônio Dias,584                              38700110Protesto após 5 dias                                        000042
1                   000902692011248461-9832                   0000000000000009832100000000002               019832      08041400000000018880000000012N060414000000000000000060000000000000000000000000000000000000000000000113576355000175LEME ASSESSORIA E CONSULTORIA DE DOCUMENRua Prudente de Moraes,933                          13320160Protesto após 5 dias                                        000043
1                   000902692011248461-9833                   0000000000000009833P00000000002               019833      08041400000000041000000000012N060414000000000000000140000000000000000000000000000000000000000000000114495115000109MSC ASSESSORIA E CONSULTORIA CARTORARIA Rua Duque de Caxias,161                             06401010Protesto após 5 dias                                        000044
1                   000902692011248461-9834                   0000000000000009834800000000002               019834      08041400000000500000000000012N060414000000000000001670000000000000000000000000000000000000000000000113845551000106MACEDO & MELO INTERMEDIACOES CARTORARIASRUA LIZANDRO NOGUEIRA,1223-SALA 304                 64000200Protesto após 5 dias                                        000045
1                   000902692011248461-9835                   0000000000000009835600000000002               019835      08041400000000012980000000012N060414000000000000000040000000000000000000000000000000000000000000000113800899000179TEIXEIRA CARREIRO INTERMEDIACAO CARTORARRua Alan Kardec,50-SL 712                           27541290Protesto após 5 dias                                        000046
1                   000902692011248461-9836                   0000000000000009836400000000002               019836      08041400000000500000000000012N060414000000000000001670000000000000000000000000000000000000000000000126069567000108JPS SERVIÇOS LTDA ME                    Rua Apinajés,1100-Cj. 501                           05017000Protesto após 5 dias                                        000047
1                   000902692011248461-9837                   0000000000000009837200000000002               019837      08041400000001750000000000012N060414000000000000005830000000000000000000000000000000000000000000000110573048000142SV3 SERVIÇOS ADMINISTRATIVOS EIRELI     Rua Tijuco Preto,544                                03316000Protesto após 5 dias                                        000048
1                   000902692011248461-9838                   0000000000000009838000000000002               019838      08041400000000006000000000012N060414000000000000000020000000000000000000000000000000000000000000000116806807000156M MARRAS SERVICOS E EVENTOS LTDA - ME   Rua Voluntários da Franca,453                       14405103Protesto após 5 dias                                        000049
1                   000902692011248461-9839                   0000000000000009839900000000002               019839      08041400000000350000000000012N060414000000000000001170000000000000000000000000000000000000000000000114456232000163CUNHA & ALVES ASSESSORIA COMERCIAL E INDRua Juscelino K. de Oliveira,763                    37580000Protesto após 5 dias                                        000050
1                   000902692011248461-9840                   0000000000000009840200000000002               019840      08041400000000500000000000012N060414000000000000001670000000000000000000000000000000000000000000000115779004000197BONESSO & GIANETTI LTDA ME              Rua Nove de Julho,430-Lj 03 - Galeria de            13280000Protesto após 5 dias                                        000051
1                   000902692011248461-9841                   0000000000000009841000000000002               019841      08041400000000500000000000012N060414000000000000001670000000000000000000000000000000000000000000000111834699000292REGIS ORLANDINI ASSESSORIA CARTORÁRIA EPPraça Manoel Bonito,65                              38440076Protesto após 5 dias                                        000052
1                   000902692011248461-9842                   0000000000000009842900000000002               019842      08041400000000500000000000012N060414000000000000001670000000000000000000000000000000000000000000000115003436000101Via Rápida Intermediação Cartorária LTDARua Vereador Juca Pena,10                           36400000Protesto após 5 dias                                        000053
1                   000902692011248461-9843                   0000000000000009843700000000002               019843      08041400000000500000000000012N060414000000000000001670000000000000000000000000000000000000000000000114467333000130Sirley Santos Niemic - ME               Av. Municipal,1779 A                                78250000Protesto após 5 dias                                        000054
1                   000902692011248461-9844                   0000000000000009844500000000002               019844      08041400000000500000000000012N060414000000000000001670000000000000000000000000000000000000000000000114547088000170SPEED FOX ASSESSORIA CARTORARIA LTDA ME Rua General Dionisio,410-LOJA                       25075095Protesto após 5 dias                                        000055
1                   000902692011248461-9845                   0000000000000009845300000000002               019845      08041400000000022000000000012N060414000000000000000070000000000000000000000000000000000000000000000114911193000147LOPES&LOPES INTERMEDIAÇÃO CARTORÁRIA LTDRua Marechal Deodoro,444-loja 322                   36010904Protesto após 5 dias                                        000056
1                   000902692011248461-9846                   0000000000000009846100000000002               019846      08041400000000400000000000012N060414000000000000001330000000000000000000000000000000000000000000000115220454000226RENAULT ASSOCIADOS INTERMEDIACOES CARTORRua Benedito Valadares,520-LJ 03                    35660630Protesto após 5 dias                                        000057
1                   000902692011248461-9847                   0000000000000009847P00000000002               019847      08041400000000500000000000012N060414000000000000001670000000000000000000000000000000000000000000000115170049000160Ivani Marques de Souza - ME             Rua Barão do Rio Branco,1439 B                      16200001Protesto após 5 dias                                        000058
1                   000902692011248461-9848                   0000000000000009848800000000002               019848      08041400000001000000000000012N060414000000000000003330000000000000000000000000000000000000000000000115447264000165CAMPDOC INTERMEDIAÇÃO CARTORÁRIA LTDA – Av. Barão de Monte Alegre,103                       13032525Protesto após 5 dias                                        000059
1                   000902692011248461-9849                   0000000000000009849600000000002               019849      08041400000000015500000000012N060414000000000000000050000000000000000000000000000000000000000000000113372039000262DE PAULA E FRANÇA SERVIÇOS PRIVADOS E INRua Roberto Calmon,140                              29200340Protesto após 5 dias                                        000060
1                   000902692011248461-9850                   0000000000000009850P00000000002               019850      08041400000000500000000000012N060414000000000000001670000000000000000000000000000000000000000000000115776815000134RCA - PREST CART INTERMEDIAÇÃO CARTORARIRua João Caetano,185-LJ 103                         24710405Protesto após 5 dias                                        000061
1                   000902692011248461-9851                   0000000000000009851800000000002               019851      08041400000000300000000000012N060414000000000000001000000000000000000000000000000000000000000000000115523647000175TGD ASSESSORIA E CONSULTORIA LTDA       Rua Coronel Antonio Cardoso Pinto,34 A              37640000Protesto após 5 dias                                        000062
1                   000902692011248461-9852                   0000000000000009852600000000002               019852      08041400000000500000000000012N060414000000000000001670000000000000000000000000000000000000000000000116465255000160Tocantins Intermediação Cartorária LTDA-RUA RODOVIÁRIA,193-SALA 01                          77805040Protesto após 5 dias                                        000063
1                   000902692011248461-9853                   0000000000000009853400000000002               019853      08041400000000700000000000012N060414000000000000002330000000000000000000000000000000000000000000000115653178000109FOCUS INTERMEDIAÇÃO CARTORÁRIA LTDA     AV. BRASIL,10-LOJA 224                              28970000Protesto após 5 dias                                        000064
1                   000902692011248461-9854                   0000000000000009854200000000002               019854      08041400000000500000000000012N060414000000000000001670000000000000000000000000000000000000000000000115731322000188MEIRELES SERVIÇOS DE APOIO ADMINISTRATIVRua José Marcelino de Oliveira,374-BAIXO            67030170Protesto após 5 dias                                        000065
1                   000902692011248461-9855                   0000000000000009855000000000002               019855      08041400000000500000000000012N060414000000000000001670000000000000000000000000000000000000000000000116608106000102CONTAK INTERMEDIAÇÕES CARTORARIAS LTDA  Av. Conselheiro Nebias,754                          11045002Protesto após 5 dias                                        000066
1                   000902692011248461-9856                   0000000000000009856900000000002               019856      08041400000001000000000000012N060414000000000000003330000000000000000000000000000000000000000000000115803475000193PEDRO, BASTOS & JONES SERVIÇOS ASMINISTRRua Duque de Caxias,01-SL 31                        28613060Protesto após 5 dias                                        000067
1                   000902692011248461-9857                   0000000000000009857700000000002               019857      08041400000000500000000000012N060414000000000000001670000000000000000000000000000000000000000000000115872523000103HEITOR PIGHINI BARBADO ME               Rua Senador José Bonifácio,312-B                    13800060Protesto após 5 dias                                        000068
1                   000902692011248461-9858                   0000000000000009858500000000002               019858      08041400000000500000000000012N060414000000000000001670000000000000000000000000000000000000000000000118997889000199CP CAMPO GRANDE INTERMEDIACOES CARTORARIRua Amaral Costa,408-LJ 01                          23050260Protesto após 5 dias                                        000069
1                   000902692011248461-9859                   0000000000000009859300000000002               019859      08041400000000500000000000012N060414000000000000001670000000000000000000000000000000000000000000000115566079000190Marins Consultoria e Intermediação CartoAvenida Brasil,4140-Sala 13                         87503420Protesto após 5 dias                                        000070
1                   000902692011248461-9860                   0000000000000009860700000000002               019860      08041400000001000000000000012N060414000000000000003330000000000000000000000000000000000000000000000115703802000135Assecar Apoio Administrativo de MArilia Rua Carlos Gomes,343                                17501000Protesto após 5 dias                                        000071
1                   000902692011248461-9861                   0000000000000009861500000000002               019861      08041400000000500000000000012N060414000000000000001670000000000000000000000000000000000000000000000115723896000104Walter Shuji Kishi eireli-ME            Avenida Presidente Getúio Vargas,2214-Lo            45990289Protesto após 5 dias                                        000072
1                   000902692011248461-9862                   0000000000000009862300000000002               019862      08041400000000500000000000012N060414000000000000001670000000000000000000000000000000000000000000000115665799000102OLIVEIRA E PEIXOTO LTDA                 Rua Barbosa de Sousa,25-SL 006 - Centro             45203640Protesto após 5 dias                                        000073
1                   000902692011248461-9863                   0000000000000009863100000000002               019863      08041400000000500000000000012N060414000000000000001670000000000000000000000000000000000000000000000116911487000102L & A INTERMEDIAÇÕES CARTORÁRIAS LTDA   Rua Marechal Deodoro,111                            48005020Protesto após 5 dias                                        000074
1                   000902692011248461-9864                   0000000000000009864P00000000002               019864      08041400000000500000000000012N060414000000000000001670000000000000000000000000000000000000000000000116615091000100MEG INTERMEDIAÇÃO CARTORÁRIA            Av. 13,625                                          13500340Protesto após 5 dias                                        000075
1                   000902692011248461-9865                   0000000000000009865800000000002               019865      08041400000000500000000000012N060414000000000000001670000000000000000000000000000000000000000000000119373945000187MR Sistema de Intermediação Cartorária LRua 29 de Abril,123                                 13256000Protesto após 5 dias                                        000076
1                   000902692011248461-9866                   0000000000000009866600000000002               019866      08041400000000500000000000012N0604140000000000000016700000000000000000000000000000000000000000000001157926280001442 W V INTERMEDIAÇÃO CARTORÁRIA LTDA-ME  Rua Marechal Deodoro,44                             12500210Protesto após 5 dias                                        000077
1                   000902692011248461-9867                   0000000000000009867400000000002               019867      08041400000000500000000000012N060414000000000000001670000000000000000000000000000000000000000000000115779486000185ANA LIDIA ANDRADE VASCONCELOS CISOTTO - Rua Mário Pedro Vercellino,411                      18550000Protesto após 5 dias                                        000078
1                   000902692011248461-9868                   0000000000000009868200000000002               019868      08041400000001000000000000012N060414000000000000003330000000000000000000000000000000000000000000000116566686000112SOMARX INTERMEDIAÇÃO CARTORÁRIA LTDA    QN 07 - AREA ESPECIAL 1 TERREO LOJA,11-R            71805731Protesto após 5 dias                                        000079
1                   000902692011248461-9869                   0000000000000009869000000000002               019869      08041400000001000000000000012N060414000000000000003330000000000000000000000000000000000000000000000116651907000150COTIA CENTRAL - SERVIÇOS ADMINISTRATIVOSRua Joaquim Nunes Filho,204                         06717180Protesto após 5 dias                                        000080
1                   000902692011248461-9870                   0000000000000009870400000000002               019870      08041400000001500000000000012N060414000000000000005000000000000000000000000000000000000000000000000117013577000130RIBEIRO INTERMEDIAÇÃO CARTORÁRIA LTDA.  Av. Presidente Marques,1212                         78045008Protesto após 5 dias                                        000081
1                   000902692011248461-9871                   0000000000000009871200000000002               019871      08041400000000500000000000012N060414000000000000001670000000000000000000000000000000000000000000000116455215000137MIM Consultoria, Assessoria e IntermediaRua Gal. Bacelar,504                                96200370Protesto após 5 dias                                        000082
1                   000902692011248461-9872                   0000000000000009872000000000002               019872      08041400000000500000000000012N060414000000000000001670000000000000000000000000000000000000000000000116850829000113FORMAGIO & MILARE LTDA ME               Rua Princesa Izabel,994                             17900000Protesto após 5 dias                                        000083
1                   000902692011248461-9873                   0000000000000009873900000000002               019873      08041400000001000000000000012N060414000000000000003330000000000000000000000000000000000000000000000116988183000135MENEZES & AMARAL INTERMEDIAÇÃO CARTORÁRIRua Israel Pinheiro,2500-LJ 1                       35020220Protesto após 5 dias                                        000084
1                   000902692011248461-9874                   0000000000000009874700000000002               019874      08041400000000500000000000012N060414000000000000001670000000000000000000000000000000000000000000000117163022000175DEFTHJ CONSULTORIA E ASSESSORIA CARTORÁRR. Pedro Procópio,48                                06501130Protesto após 5 dias                                        000085
1                   000902692011248461-9875                   0000000000000009875500000000002               019875      08041400000000500000000000012N060414000000000000001670000000000000000000000000000000000000000000000116943517000154SOUZA SERVIÇOS DE DOCUMENTOS S/S LTDA EPR. Coronel Aureliano de Camargo,666                 18270170Protesto após 5 dias                                        000086
1                   000902692011248461-9876                   0000000000000009876300000000002               019876      08041400000000500000000000012N060414000000000000001670000000000000000000000000000000000000000000000117206713000109FABIO TOMAZ CARDOSO - ME                Rua Primeiro de Maio,202-SL 507                     09015030Protesto após 5 dias                                        000087
1                   000902692011248461-9877                   0000000000000009877100000000002               019877      08041400000000800000000000012N060414000000000000002670000000000000000000000000000000000000000000000116383668000103MADJ SERVIÇOS DE INTERMEDIAÇÃO CARTORÁRIRua Nestor de Barros,48                             03325050Protesto após 5 dias                                        000088
1                   000902692011248461-9878                   0000000000000009878P00000000002               019878      08041400000000500000000000012N060414000000000000001670000000000000000000000000000000000000000000000111834699000373REGIS ORLANDINI ASSESSORIA CARTORÁRIA EPRua Dr. Frankilin de Castro,238                     38183120Protesto após 5 dias                                        000089
1                   000902692011248461-9879                   0000000000000009879800000000002               019879      08041400000000500000000000012N060414000000000000001670000000000000000000000000000000000000000000000116899904000130E. F. AURELIA NEGOCIOS E INTERMEDIAÇÃO CRua Liberdade,596                                   06853700Protesto após 5 dias                                        000090
1                   000902692011248461-9880                   0000000000000009880100000000002               019880      08041400000000500000000000012N060414000000000000001670000000000000000000000000000000000000000000000116949930000126CIRENO FILHO INTERMEDIAÇÃO CARTORARIA   Rua Carlos Eduardo Nichele,1382-LJ01                83833022Protesto após 5 dias                                        000091
1                   000902692011248461-9881                   0000000000000009881P00000000002               019881      08041400000000500000000000012N060414000000000000001670000000000000000000000000000000000000000000000116811847000196TOLEDO & PEREIRA VASSALO LTDA ME        Rua Santos Pereira,212                              37500026Protesto após 5 dias                                        000092
1                   000902692011248461-9882                   0000000000000009882800000000002               019882      08041400000001000000000000012N060414000000000000003330000000000000000000000000000000000000000000000116819238000183CARLOS ALBERTO ROCHA DE MELO - ME       R. Hermógenes Freire da Costa,02-LJ 05              28940000Protesto após 5 dias                                        000093
1                   000902692011248461-9883                   0000000000000009883600000000002               019883      08041400000000500000000000012N060414000000000000001670000000000000000000000000000000000000000000000116694354000113DOCUMENTOS BRASIL SERVIÇOS E ASSESSORIA Rua Manoel Pereira,540                              13970346Protesto após 5 dias                                        000094
1                   000902692011248461-9884                   0000000000000009884400000000002               019884      08041400000000500000000000012N060414000000000000001670000000000000000000000000000000000000000000000116942432000151Kice Serviços Administrativos Ltda - ME Av. Princesa Isabel,256                             09310010Protesto após 5 dias                                        000095
1                   000902692011248461-9885                   0000000000000009885200000000002               019885      08041400000000500000000000012N060414000000000000001670000000000000000000000000000000000000000000000116945793000151JLM INTERMEDIAÇÃO CARTORÁRIA LTDA       Av. Tiradentes,618-LJ 03                            36307348Protesto após 5 dias                                        000096
1                   000902692011248461-9886                   0000000000000009886000000000002               019886      08041400000001750000000000012N060414000000000000005830000000000000000000000000000000000000000000000116927836000176C. M. MILROT CONSULTORIA E INTERMEDIAÇÃOAv. Paulista,2001-19º andar | Conjuntos             01311300Protesto após 5 dias                                        000097
1                   000902692011248461-9887                   0000000000000009887900000000002               019887      08041400000000500000000000012N060414000000000000001670000000000000000000000000000000000000000000000116935668000160FLASH DOC INTERMEDIAÇÕES CARTORARIAS    Av. Caetano Barrela,209                             06763460Protesto após 5 dias                                        000098
1                   000902692011248461-9888                   0000000000000009888700000000002               019888      08041400000000500000000000012N060414000000000000001670000000000000000000000000000000000000000000000116964316000133CAMARGO & ESTRACINE INTERMEDIAÇÃO CARTORRua Miguel Anselmo,260                              15900000Protesto após 5 dias                                        000099
1                   000902692011248461-9889                   0000000000000009889500000000002               019889      08041400000001200000000000012N060414000000000000004000000000000000000000000000000000000000000000000117829100000128JS & BOIM INTERMEDIAÇÃO CARTORÁRIA LTDA Rua Tabatinguera,140-SL 409 e 410                   01020000Protesto após 5 dias                                        000100
1                   000902692011248461-9890                   0000000000000009890900000000002               019890      08041400000001000000000000012N060414000000000000003330000000000000000000000000000000000000000000000112587280000165RTC INTERMEDIAÇÃO CARTORÁRIA LTDA - ME  Rua Montenegro,171 A                                11410040Protesto após 5 dias                                        000101
1                   000902692011248461-9891                   0000000000000009891700000000002               019891      08041400000000500000000000012N060414000000000000001670000000000000000000000000000000000000000000000116729531000150GOMES VERAS INTERMEDIAÇÃO CARTORÁRIA LTDRua Maranhão,763-Sala 17 R                          65901590Protesto após 5 dias                                        000102
1                   000902692011248461-9892                   0000000000000009892500000000002               019892      08041400000001000000000000012N060414000000000000003330000000000000000000000000000000000000000000000116970183000108NR INTERMEDIAÇÃO CARTORÁRIA LTDA        Av. Dom Luis,500-Piso L0, Loja 38, Shopp            60160230Protesto após 5 dias                                        000103
1                   000902692011248461-9893                   0000000000000009893300000000002               019893      08041400000000500000000000012N060414000000000000001670000000000000000000000000000000000000000000000117103695000210Vale Rio - Intermediação Cartorária LtdaRua do Paraíso,97-SL 29                             48903050Protesto após 5 dias                                        000104
1                   000902692011248461-9894                   0000000000000009894100000000002               019894      08041400000000500000000000012N060414000000000000001670000000000000000000000000000000000000000000000117103695000130VALE RIO - INTERMEDIAÇÃO CARTORÁRIA LTDAPraça Pio XII,290-2º Andar, SL 01                   56304430Protesto após 5 dias                                        000105
1                   000902692011248461-9895                   0000000000000009895P00000000002               019895      08041400000000500000000000012N060414000000000000001670000000000000000000000000000000000000000000000117488037000103LG INTERMEDIAÇÃO CARTORÁRIA LTDA ME     Rua Rafael Nascimento,300 C                         75901290Protesto após 5 dias                                        000106
1                   000902692011248461-9896                   0000000000000009896800000000002               019896      08041400000001000000000000012N060414000000000000003330000000000000000000000000000000000000000000000117197147000116POSTCAR INTERMEDIAÇÃO CARTORÁRIA LTDA   Rua Amaro Genari,40-Sala 33                         09810270Protesto após 5 dias                                        000107
1                   000902692011248461-9897                   0000000000000009897600000000002               019897      08041400000000500000000000012N060414000000000000001670000000000000000000000000000000000000000000000118294473000104VIEIRA E SCORALICK LTDA                 Rua Getúlio Vargas,53                               34800000Protesto após 5 dias                                        000108
1                   000902692011248461-9898                   0000000000000009898400000000002               019898      08041400000000500000000000012N060414000000000000001670000000000000000000000000000000000000000000000112762841000115SM GERENCIAMENTO DE CERTIDÕES E DOCUMENTRua 18,81                                           76380000Protesto após 5 dias                                        000109
1                   000902692011248461-9899                   0000000000000009899200000000002               019899      08041400000001500000000000012N060414000000000000005000000000000000000000000000000000000000000000000117234137000103Postal Services - Assessoria e Serviços Pç das Orquideas,186-SL 04 | 1º Andar               06453002Protesto após 5 dias                                        000110
1                   000902692011248461-9900                   0000000000000009900P00000000002               019900      08041400000000500000000000012N060414000000000000001670000000000000000000000000000000000000000000000117292398000180DOTTON INTERMEDIACAO CARTORARIA LTDA - MRua Senador Fláquer,241-Conjunto 09                 09010160Protesto após 5 dias                                        000111
1                   000902692011248461-9901                   0000000000000009901800000000002               019901      08041400000000500000000000012N060414000000000000001670000000000000000000000000000000000000000000000117344439000134Carneiro e Santana Intermediação CartoráRua Brasil,210-SALA A                               19800100Protesto após 5 dias                                        000112
1                   000902692011248461-9902                   0000000000000009902600000000002               019902      08041400000001000000000000012N060414000000000000003330000000000000000000000000000000000000000000000118103169000132AHEAD ASSESSORIA E CONSULTORIA EM INTERMRua Fernando Falcão,913                             03180002Protesto após 5 dias                                        000113
1                   000902692011248461-9903                   0000000000000009903400000000002               019903      08041400000000500000000000012N060414000000000000001670000000000000000000000000000000000000000000000117474125000156MAGAVIX INTERMEDIAÇÃO E LOGISTICA DE DISRua Amapá,1777                                      87704070Protesto após 5 dias                                        000114
1                   000902692011248461-9904                   0000000000000009904200000000002               019904      08041400000000500000000000012N060414000000000000001670000000000000000000000000000000000000000000000117516729000118LILLIAN KELLY GUIMARÃES & CIA LTDA - ME AV. BRASIL,11-SL 11                                 13940000Protesto após 5 dias                                        000115
1                   000902692011248461-9905                   0000000000000009905000000000002               019905      08041400000000500000000000012N060414000000000000001670000000000000000000000000000000000000000000000118726605000120OLIVEIRA CECHET INTERMEDIAÇÃO CARTORÁRIARua Cleriston Andrade,132-QD 23 LT 03 SL            47850000Protesto após 5 dias                                        000116
1                   000902692011248461-9906                   0000000000000009906900000000002               019906      08041400000001000000000000012N060414000000000000003330000000000000000000000000000000000000000000000109532074000143OTTIMIZA ASSESSORIA CARTORARIA LTDA - MERua Raimundo Chaves,1584                            59064390Protesto após 5 dias                                        000117
1                   000902692011248461-9907                   0000000000000009907700000000002               019907      08041400000001000000000000012N060414000000000000003330000000000000000000000000000000000000000000000118527392000107CARGER PRESTAÇÃO DE SERVIÇOS LTDA - ME  Av. Brasília,2018-SL 05                             33105492Protesto após 5 dias                                        000118
1                   000902692011248461-9908                   0000000000000009908500000000002               019908      08041400000000500000000000012N060414000000000000001670000000000000000000000000000000000000000000000117497344000150VAP POSTAL INTERMEDIAÇÃO CARTORÁRIA LTDARua Teodorico Tourinho,304                          39800010Protesto após 5 dias                                        000119
1                   000902692011248461-9909                   0000000000000009909300000000002               019909      08041400000000500000000000012N060414000000000000001670000000000000000000000000000000000000000000000113622593000170Moraes & Vessoni Serv. e Ass. CartorariaRua Paraná,629                                      19900021Protesto após 5 dias                                        000120
1                   000902692011248461-9910                   0000000000000009910700000000002               019910      08041400000000500000000000012N060414000000000000001670000000000000000000000000000000000000000000000117605176000170CARIRI INTERMEDIACAO CARTORARIA LTDA - MRua Delmiro Gouveia,51                              63010075Protesto após 5 dias                                        000121
1                   000902692011248461-9911                   0000000000000009911500000000002               019911      08041400000000500000000000012N060414000000000000001670000000000000000000000000000000000000000000000117736384000108JANAINA FERREIRA DE TOLEDO PEREIRA      Rua Vanor Junqueira Franco,300-Fundos               14701010Protesto após 5 dias                                        000122
1                   000902692011248461-9912                   0000000000000009912300000000002               019912      08041400000000500000000000012N060414000000000000001670000000000000000000000000000000000000000000000117880167000197AGUIA INTERMEDIAÇÃO CARTORARIA LTDA - MERua Voluntários da Pátria,524                       02010000Protesto após 5 dias                                        000123
1                   000902692011248461-9913                   0000000000000009913100000000002               019913      08041400000000500000000000012N060414000000000000001670000000000000000000000000000000000000000000000117966691000185GERENCIAMENTO DE CERTIDOES E DOCUMENTOS Rua Cincinato Pinto,297-SL 105                      57020670Protesto após 5 dias                                        000124
1                   000902692011248461-9914                   0000000000000009914P00000000002               019914      08041400000000250000000000012N060414000000000000000830000000000000000000000000000000000000000000000117882102000180JK INTERMEDIAÇÕES CARTORÁRIAS           Av. Francisco Monteiro,95                           09400310Protesto após 5 dias                                        000125
1                   000902692011248461-9915                   0000000000000009915800000000002               019915      08041400000000500000000000012N060414000000000000001670000000000000000000000000000000000000000000000118268113000138LINS E SILVA INTERMEDIAÇÕES CARTORÁRIAS Rua Visconde de Campo Alegre,149-1º Anda            54505370Protesto após 5 dias                                        000126
1                   000902692011248461-9916                   0000000000000009916600000000002               019916      08041400000000400000000000012N060414000000000000001330000000000000000000000000000000000000000000000116456499000267FILADELFIA CARTORÁRIOS E DOCUMENTAIS    Rua Antônio Teles de Menezes,41-SL 407              25520630Protesto após 5 dias                                        000127
1                   000902692011248461-9917                   0000000000000009917400000000002               019917      08041400000001000000000000012N060414000000000000003330000000000000000000000000000000000000000000000115417430000180AME - AMOEDO MEDRADO EMPREENDIMENTOS LTDPç. João Barbosa Carvalho,58                        44001144Protesto após 5 dias                                        000128
1                   000902692011248461-9918                   0000000000000009918200000000002               019918      08041400000001000000000000012N060414000000000000003330000000000000000000000000000000000000000000000114501933000177ROBERTO MACEDO DE ALBUQUERQUE ME        Rua Alameda Antofagasta,77-SL 301                   97050660Protesto após 5 dias                                        000129
1                   000902692011248461-9919                   0000000000000009919000000000002               019919      08041400000000500000000000012N060414000000000000001670000000000000000000000000000000000000000000000117808878000150OLIVEIRA & MIRANDA INTERMEDIAÇÃO CARTORARua São João,630-A                                  15400000Protesto após 5 dias                                        000130
1                   000902692011248461-9920                   0000000000000009920400000000002               019920      08041400000001500000000000012N060414000000000000005000000000000000000000000000000000000000000000000118133083000152MALTAURO BEZERRA CONSULTORIA E INTERMEDIAv. Tancredo Neves,1485-LJ 01                       41820021Protesto após 5 dias                                        000131
1                   000902692011248461-9921                   0000000000000009921200000000002               019921      08041400000001750000000000012N060414000000000000005830000000000000000000000000000000000000000000000118384480000105INTERMEDIAÇÃO CARTORÁRIA INTERLAGOS LTDAAv. Nossa Senhora do Sabará,1687                    04685004Protesto após 5 dias                                        000132
1                   000902692011248461-9922                   0000000000000009922000000000002               019922      08041400000000500000000000012N060414000000000000001670000000000000000000000000000000000000000000000117961015000119ADALBERTO ROCHA THOBIAS - ME            Av. Paulista,259-Oeste                              17280000Protesto após 5 dias                                        000133
1                   000902692011248461-9923                   0000000000000009923900000000002               019923      08041400000001500000000000012N060414000000000000005000000000000000000000000000000000000000000000000118123632000108MARCIA JULIO SCHALCH SERVIÇOS DE INTERMERua Nossa Senhora Mãe dos Homens,76                 07091000Protesto após 5 dias                                        000134
1                   000902692011248461-9924                   0000000000000009924700000000002               019924      08041400000000500000000000012N060414000000000000001670000000000000000000000000000000000000000000000118117942000110Rocha Orçai Intermediação Cartorária LtdRua dos Leites,69-Sala 118, Galeria Pôr             28470000Protesto após 5 dias                                        000135
1                   000902692011248461-9925                   0000000000000009925500000000002               019925      08041400000000500000000000012N060414000000000000001670000000000000000000000000000000000000000000000118840724000109RM SERVIÇOS DE INTERMEDIAÇÃO CARTORÁRIA Av. Getúlio Vargas,44                               48601260Protesto após 5 dias                                        000136
1                   000902692011248461-9926                   0000000000000009926300000000002               019926      08041400000001500000000000012N060414000000000000005000000000000000000000000000000000000000000000000118379292000180DOCUMENTUM BRASILIA LTDA - ME           CLN 316-BL E, LJ 06                                 70775550Protesto após 5 dias                                        000137
1                   000902692011248461-9927                   0000000000000009927100000000002               019927      08041400000001000000000000012N060414000000000000003330000000000000000000000000000000000000000000000115007025000194FV Representação Comercial LTDA         Alameda Abricó,1856-LJ 03                           28890254Protesto após 5 dias                                        000138
1                   000902692011248461-9928                   0000000000000009928P00000000002               019928      08041400000000500000000000012N060414000000000000001670000000000000000000000000000000000000000000000118254685000168CASTELO BRANCO - INTERMEDIAÇÃO CARTÓRARIRua do Sol,382-Loja 06 - Centro Empresar            65300000Protesto após 5 dias                                        000139
1                   000902692011248461-9929                   0000000000000009929800000000002               019929      08041400000000500000000000012N060414000000000000001670000000000000000000000000000000000000000000000118354262000110BOFF E MULLER INTERMEDIAÇÃO CARTORÁRIA LAv. Júlio de Castilhos,1340-SL 05 - Cent            95010003Protesto após 5 dias                                        000140
1                   000902692011248461-9930                   0000000000000009930100000000002               019930      08041400000000500000000000012N060414000000000000001670000000000000000000000000000000000000000000000118596649000182LHL SERVIÇOS ADMINISTRATIVOS E INTERMEDIRua Assembléia de Deus,39-SL 411                    11500040Protesto após 5 dias                                        000141
1                   000902692011248461-9931                   0000000000000009931P00000000002               019931      08041400000001500000000000012N060414000000000000005000000000000000000000000000000000000000000000000118354041000141By Trade Intermediação Cartorária LTDA  Rua Pinto de Figueiredo,55-SL 605                   20511240Protesto após 5 dias                                        000142
1                   000902692011248461-9932                   0000000000000009932800000000002               019932      08041400000000500000000000012N060414000000000000001670000000000000000000000000000000000000000000000119289512000148P W INTERMEDIAÇÃO CARTORÁRIA LTDA       Rua Bonaire,312                                     65930000Protesto após 5 dias                                        000143
1                   000902692011248461-9933                   0000000000000009933600000000002               019933      08041400000001000000000000012N060414000000000000003330000000000000000000000000000000000000000000000118758648000197CASANOVA E CAL INTERMEDIAÇÃO CARTORÁRIA Rua Osvaldo Cruz,372-LJ 106                         41940000Protesto após 5 dias                                        000144
1                   000902692011248461-9934                   0000000000000009934400000000002               019934      08041400000000500000000000012N060414000000000000001670000000000000000000000000000000000000000000000118607091000193ROBERTA CORREA BUENO GOLO ME            Praça 9 de Julho,123                                13960000Protesto após 5 dias                                        000145
1                   000902692011248461-9935                   0000000000000009935200000000002               019935      08041400000000500000000000012N060414000000000000001670000000000000000000000000000000000000000000000103781158000134DESTRO & CABRAL INTERMEDIAÇÃO CARTORÁRIAAv. da Saudade,246                                  14840000Protesto após 5 dias                                        000146
1                   000902692011248461-9936                   0000000000000009936000000000002               019936      08041400000000500000000000012N060414000000000000001670000000000000000000000000000000000000000000000118678770000153CHIMACHI E COGHI INTERMEDIAÇÃO CARTORÁRIRua Antônio Mourão,84-SL 03                         13610090Protesto após 5 dias                                        000147
1                   000902692011248461-9937                   0000000000000009937900000000002               019937      08041400000000350000000000012N060414000000000000001170000000000000000000000000000000000000000000000118465701000161SANDRA RODRIGUES DE JESUS - EIRELI - ME Rua Tito Fulgêncio,164-SL 106, Galeria C            38500000Protesto após 5 dias                                        000148
1                   000902692011248461-9938                   0000000000000009938700000000002               019938      08041400000000500000000000012N060414000000000000001670000000000000000000000000000000000000000000000118950650000163NOVA ERA INTERMEDIAÇÃO CARTORARIA LTDA -Av. Rui Barbosa,72-SL 13                            11740970Protesto após 5 dias                                        000149
1                   000902692011248461-9939                   0000000000000009939500000000002               019939      08041400000000500000000000012N060414000000000000001670000000000000000000000000000000000000000000000118536552000184CAMPOS DO JORDAO INTERMEDIACAO CARTORARIRua Brigadeiro Jordão,636                           12460000Protesto após 5 dias                                        000150
1                   000902692011248461-9940                   0000000000000009940900000000002               019940      08041400000000400000000000012N060414000000000000001330000000000000000000000000000000000000000000000118758564000153M & M INTERMEDIAÇÃO CARTORÁRIA LTDA - MERua Dom Luis Felipe de Orleans,1177                 02118001Protesto após 5 dias                                        000151
1                   000902692011248461-9941                   0000000000000009941700000000002               019941      08041400000000350000000000012N060414000000000000001170000000000000000000000000000000000000000000000118717359000140FAVARO INTERMEDIAÇÃO CARTORÁRIA LTDA -MEAv. Cinco,300                                       14620000Protesto após 5 dias                                        000152
1                   000902692011248461-9942                   0000000000000009942500000000002               019942      08041400000001000000000000012N060414000000000000003330000000000000000000000000000000000000000000000118592122000180JET-POST INTERMEDIAÇÃO CARTORÁRIA LTDA -Av. Santo Amaro,1198                                04506001Protesto após 5 dias                                        000153
1                   000902692011248461-9943                   0000000000000009943300000000002               019943      08041400000000500000000000012N060414000000000000001670000000000000000000000000000000000000000000000118995227000180MM SERVIÇO DE INTERMEDIAÇÃO DE NEGOCIO LAv. Coumbiara,4489                                  76940000Protesto após 5 dias                                        000154
1                   000902692011248461-9944                   0000000000000009944100000000002               019944      08041400000000500000000000012N060414000000000000001670000000000000000000000000000000000000000000000119204476000172ICSF - INTERMEDIAÇÃO CARTORARIA SAPONARARua Sebastião Silvestre Neves,279-LJ 28             11600000Protesto após 5 dias                                        000155
1                   000902692011248461-9945                   0000000000000009945P00000000002               019945      08041400000000500000000000012N060414000000000000001670000000000000000000000000000000000000000000000114445177000106Bruce Costa Vilafranca - ME             Rua Paschoal Gianfrancesco,60-Salão 10              13224700Protesto após 5 dias                                        000156
1                   000902692011248461-9946                   0000000000000009946800000000002               019946      08041400000000500000000000012N060414000000000000001670000000000000000000000000000000000000000000000118917837000165VALE FV - INTERMEDIACAO CARTORARIA LTDA Rua Bernardino de Campos,44-SL 26/27, 1º            12308010Protesto após 5 dias                                        000157
1                   000902692011248461-9947                   0000000000000009947600000000002               019947      08041400000000500000000000012N060414000000000000001670000000000000000000000000000000000000000000000119044805000165RB CONSULTORIA E ASSESSORIA EIRELI      Rua Eliseu Guilherme,724                            14025020Protesto após 5 dias                                        000158
1                   000902692011248461-9948                   0000000000000009948400000000002               019948      08041400000000500000000000012N060414000000000000001670000000000000000000000000000000000000000000000119137241000105OLIVEIRA E VALDEZ INTERMEDIAÇÕES CARTORÁAlameda Doutor Carlos de Carvalho,655-LJ            80430180Protesto após 5 dias                                        000159
1                   000902692011248461-9949                   0000000000000009949200000000002               019949      08041400000001000000000000012N060414000000000000003330000000000000000000000000000000000000000000000116990226000117E. ROFELD SERVIÇOS ADMINISTRATIVOS ME   Av. Angélica,1814-CJ 606                            01228200Protesto após 5 dias                                        000160
1                   000902692011248461-9950                   0000000000000009950600000000002               019950      08041400000001000000000000012N060414000000000000003330000000000000000000000000000000000000000000000113031763000141QUALY SERVIÇOS CARTORÁRIOS LTDA         Est. do Gabinal,313-LJ 215-216                      22760151Protesto após 5 dias                                        000161
1                   000902692011248461-9951                   0000000000000009951400000000002               019951      08041400000000500000000000012N060414000000000000001670000000000000000000000000000000000000000000000119219421000136OK INTERMEDIAÇAO CARTORARIA LTDA        Rua Jeronimo Coelho,140-SL 04                       89201205Protesto após 5 dias                                        000162
1                   000902692011248461-9952                   0000000000000009952200000000002               019952      08041400000001000000000000012N060414000000000000003330000000000000000000000000000000000000000000000119344677000175Fontenelle, Viana & Santos IntermediaçãoRua Conde de Bonfim,310-Subsolo - LJ G              20520054Protesto após 5 dias                                        000163
1                   000902692011248461-9953                   0000000000000009953000000000002               019953      08041400000000500000000000012N060414000000000000001670000000000000000000000000000000000000000000000119156294000173SIMPLES E ASSIM INTERMEDIAÇÃO CARTORÁRIARua Visconde do Rio Branco,824                      18602000Protesto após 5 dias                                        000164
1                   000902692011248461-9954                   0000000000000009954900000000002               019954      08041400000000500000000000012N060414000000000000001670000000000000000000000000000000000000000000000119152213000167MAIS FACIL INTERMEDIAÇÃO CARTORARIA     Av. Cel. Manoel Inocêncio,631-LJ 17                 12281010Protesto após 5 dias                                        000165
1                   000902692011248461-9955                   0000000000000009955700000000002               019955      08041400000000500000000000012N060414000000000000001670000000000000000000000000000000000000000000000117909648000188CAME - CACIM AMOEDO MEDRADO EMPREENDIMENRua Francisco Drumond,36 A                          42800500Protesto após 5 dias                                        000166
1                   000902692011248461-9956                   0000000000000009956500000000002               019956      08041400000000500000000000012N060414000000000000001670000000000000000000000000000000000000000000000119376967000109INOVAÇÃO SERVIÇOS DE APOIO ADMINISTRATIVRua Coronel João Urbano,85                          37002350Protesto após 5 dias                                        000167
1                   000902692011248461-9957                   0000000000000009957300000000002               019957      08041400000000500000000000012N060414000000000000001670000000000000000000000000000000000000000000000118939109000154J.B. NASCIMENTO INTERMEDIAÇÃO CARTORARIARua Pará,3222                                       15502236Protesto após 5 dias                                        000168
1                   000902692011248461-9958                   0000000000000009958100000000002               019958      08041400000001000000000000012N060414000000000000003330000000000000000000000000000000000000000000000119353380000176RODOPOSTALLE SERVICOS CARTORARIOS LTDA -Rua Flores do Piauí,99-SL 03, 1º Andar              08210200Protesto após 5 dias                                        000169
1                   000902692011248461-9959                   0000000000000009959P00000000002               019959      08041400000000500000000000012N060414000000000000001670000000000000000000000000000000000000000000000119079601000160M & E INTERMEDIAÇÃO CARTORÁRIA LTDA - MERua João Cesar de Oliveira,2295-SL 101,             32315000Protesto após 5 dias                                        000170
1                   000902692011248461-9960                   0000000000000009960300000000002               019960      08041400000001000000000000012N060414000000000000003330000000000000000000000000000000000000000000000119054315000140FERNANDA MUNDOSTOCK RAYMUNDO EPP        Av. José de Alencar,729                             90880481Protesto após 5 dias                                        000171
1                   000902692011248461-9961                   0000000000000009961100000000002               019961      08041400000001000000000000012N060414000000000000003330000000000000000000000000000000000000000000000110329307000194MCDI INTERMEDIAÇÕES CARTORÁRIAS LTDA - MRua Sargento João Lopes,263                         21931420Protesto após 5 dias                                        000172
1                   000902692011248461-9962                   0000000000000009962P00000000002               019962      08041400000000500000000000012N060414000000000000001670000000000000000000000000000000000000000000000108490584000132M.C. RABHA SERVIÇOS ADMINISTRATIVOS     Rua da Conceição,132-SL 201                         23900435Protesto após 5 dias                                        000173
1                   000902692011248461-9963                   0000000000000009963800000000002               019963      08041400000001000000000000012N060414000000000000003330000000000000000000000000000000000000000000000119403069000194SAPHYRA SERVIÇOS LTDA                   Rua Xavantes,719-SL 817                             03027900Protesto após 5 dias                                        000174
1                   000902692011248461-9964                   0000000000000009964600000000002               019964      17041400000000315000000000012N070414120000000000001050000000000000000000000000000000000000000000000210377191000169ACM ASSESSORIA CONTABIL LTDA            Avenida Capitão Mário Toledo de Camargo,            09170150                                                            000175
1                   000902692011248461-9965                   0000000000000009965400000000002               019965      17041400000000040000000000012N070414120000000000000130000000000000000000000000000000000000000000000253283180000122Tesheiner Cavassani e Giacomazi AdvogadoRua João Adolfo,118-Conj. 405                       01050020                                                            000176
1                   000902692011248461-9966                   0000000000000009966200000000002               019966      17041400000000726000000000012N070414120000000000002420000000000000000000000000000000000000000000000262232889000190Banco Daycoval S/A                      Avenida Paulista ,1793-02º Andar                    01311200                                                            000177
1                   000902692011248461-9967                   0000000000000009967000000000002               019967      17041400000000237600000000012N070414120000000000000790000000000000000000000000000000000000000000000200360305025441104 Caixa Econômica Federal             RUA: Joaquim Floriano, 446,446                      04534002                                                            000178
1                   000902692011248461-9968                   0000000000000009968900000000002               019968      17041400000000330000000000012N070414120000000000001100000000000000000000000000000000000000000000000262232889000190Banco Daycoval S/A                      Avenida Paulista ,1793-02º Andar                    01311200                                                            000179
1                   000902692011248461-9969                   0000000000000009969700000000002               019969      18041400000000253930000000012N080414120000000000000850000000000000000000000000000000000000000000000100017683448842LUIS MARTINS NETTO                      Rua Júlio Ribeiro,243-LOJA 224                      03010030                                                            000180
1                   000902692011248461-9970                   0000000000000009970000000000002               019970      18041400000000653400000000012N080414120000000000002180000000000000000000000000000000000000000000000262232889000190Banco Daycoval S/A                      Avenida Paulista ,1793-02º Andar                    01311200                                                            000181
1                   000902692011248461-9971                   0000000000000009971900000000002               019971      18041400000001816310000000012N080414120000000000006050000000000000000000000000000000000000000000000253283180000122Tesheiner Cavassani e Giacomazi AdvogadoRua João Adolfo,118-Conj. 405                       01050020                                                            000182
1                   000902692011248461-9972                   0000000000000009972700000000002               019972      22041400000000050000000000012N080414000000000000000000000000000000000000000000000000000000000000000219152213000167MAIS FACIL INTERMEDIAÇÃO CARTORARIA     Av. Cel. Manoel Inocêncio, 631 LJ 17                12281010                                                            000183
1                   000902692011248461-9973                   0000000000000009973500000000002               019973      22041400000000050000000000012N080414000000000000000000000000000000000000000000000000000000000000000218384480000105INTERMEDIAÇÃO CARTORÁRIA INTERLAGOS LTDAAv. Nossa Senhora do Sabará, 1687                   04685004                                                            000184
1                   000902692011248461-9974                   0000000000000009974300000000002               019974      22041400000000050000000000012N080414000000000000000000000000000000000000000000000000000000000000000218917837000165VALE FV - INTERMEDIACAO CARTORARIA LTDA R Bernardino de Campos, 44 SL 26/27, 1º             12308010                                                            000185
1                   000902692011248461-9975                   0000000000000009975100000000002               019975      22041400000000050000000000012N080414000000000000000000000000000000000000000000000000000000000000000217605176000170CARIRI INTERMEDIACAO CARTORARIA LTDA - MRua Delmiro Gouveia, 51                             63010075                                                            000186
1                   000902692011248461-9976                   0000000000000009976P00000000002               019976      22041400000000050000000000012N080414000000000000000000000000000000000000000000000000000000000000000218678770000153CHIMACHI E COGHI INTERMEDIAÇÃO CARTORÁRIRua Antônio Mourão, 84 sl 3                         13610090                                                            000187
1                   000902692011248461-9977                   0000000000000009977800000000002               019977      22041400000000050000000000012N080414000000000000000000000000000000000000000000000000000000000000000216456499000267FILADELFIA CARTORÁRIOS E DOCUMENTAIS    Rua Antônio Teles de Menezes, 41 SL 407             25520630                                                            000188
1                   000902692011248461-9978                   0000000000000009978600000000002               019978      22041400000000050000000000012N080414000000000000000000000000000000000000000000000000000000000000000218465701000161SANDRA RODRIGUES DE JESUS - EIRELI - ME Rua Tito Fulgêncio 164 SL 106                       38500000                                                            000189
1                   000902692011248461-9979                   0000000000000009979400000000002               019979      22041400000000050000000000012N080414000000000000000000000000000000000000000000000000000000000000000215803475000193PEDRO, BASTOS & JONES SERVIÇOS ASMINISTRRua Duque de Caxias, 01 SL 31                       28613060                                                            000190
1                   000902692011248461-9980                   0000000000000009980800000000002               019980      22041400000000050000000000012N080414000000000000000000000000000000000000000000000000000000000000000213622593000170Moraes & Vessoni Serv. e Ass. CartorariaRua Paraná, 629                                     19900021                                                            000191
1                   000902692011248461-9981                   0000000000000009981600000000002               019981      22041400000000050000000000012N080414000000000000000000000000000000000000000000000000000000000000000211253279000131ÁGAPE SERVIÇOS E INTERMEDIAÇÕES CARTORÁRR. Gov. Pedro de Toledo, 569                        13400070                                                            000192
1                   000902692011248461-9982                   0000000000000009982400000000002               019982      22041400000000050000000000012N080414000000000000000000000000000000000000000000000000000000000000000218995227000180MM SERVIÇO DE INTERMEDIAÇÃO DE NEGOCIO LAv. Coumbiara 4489                                  76940000                                                            000193
1                   000902692011248461-9983                   0000000000000009983200000000002               019983      22041400000000050000000000012N080414000000000000000000000000000000000000000000000000000000000000000217292398000180DOTTON INTERMEDIACAO CARTORARIA LTDA - MRua Senador Fláquer 241 cj 09                       09010160                                                            000194
1                   000902692011248461-9984                   0000000000000009984000000000002               019984      22041400000000050000000000012N080414000000000000000000000000000000000000000000000000000000000000000216608106000102CONTAK INTERMEDIAÇÕES CARTORARIAS LTDA  Av. Conselheiro Nebias 754                          11045002                                                            000195
1                   000902692011248461-9985                   0000000000000009985900000000002               019985      22041400000000050000000000012N080414000000000000000000000000000000000000000000000000000000000000000211834699000101REGIS ORLANDINI ASSESSORIA CARTORARIA LTAv. João Naves de Ávila, 81                         38400600                                                            000196
1                   000902692011248461-9986                   0000000000000009986700000000002               019986      22041400000000050000000000012N080414000000000000000000000000000000000000000000000000000000000000000218379292000180DOCUMENTUM BRASILIA LTDA - ME           CLN 316, BL E, LJ 06, Asa Norte                     70775550                                                            000197
1                   000902692011248461-9987                   0000000000000009987500000000002               019987      22041400000000050000000000012N080414000000000000000000000000000000000000000000000000000000000000000217206713000109FABIO TOMAZ CARDOSO - ME                Rua Primeiro de Maio, 202 SL 507                    09015030                                                            000198
1                   000902692011248461-9988                   0000000000000009988300000000002               019988      22041400000000050000000000012N080414000000000000000000000000000000000000000000000000000000000000000214501933000177ROBERTO MACEDO DE ALBUQUERQUE ME        Rua Alameda Antofagasta 77 sl 301                   97050660                                                            000199
1                   000902692011248461-9989                   0000000000000009989100000000002               019989      22041400000000050000000000012N080414000000000000000000000000000000000000000000000000000000000000000219289512000148P W INTERMEDIAÇÃO CARTORÁRIA LTDA       Rua Bonaire 312                                     65930000                                                            000200
1                   000902692011248461-9990                   0000000000000009990500000000002               019990      22041400000000050000000000012N080414000000000000000000000000000000000000000000000000000000000000000209532074000143OTTIMIZA ASSESSORIA CARTORARIA LTDA - MERua Raimundo Chaves 1584                            59064390                                                            000201
1                   000902692011248461-9991                   0000000000000009991300000000002               019991      22041400000000050000000000012N080414000000000000000000000000000000000000000000000000000000000000000219450025000115SAITO & SAITO ASSESSORIA E SERVIÇOS LTDAAv. Francisco de Paula Leite 1699                   13344325                                                            000202
1                   000902692011248461-9992                   0000000000000009992100000000002               019992      19041400000000678000000000012N090414120000000000002260000000000000000000000000000000000000000000000200360305400986104 Caixa Econômica Federal             Avenida Mateo Bei,1525                              03949011                                                            000203
1                   000902692011248461-9993                   0000000000000009993P00000000002               019993      20041400000001971480000000012N100414120000000000006570000000000000000000000000000000000000000000000253283180000122Tesheiner Cavassani e Giacomazi AdvogadoRua João Adolfo,118-Conj. 405                       01050020                                                            000204
1                   000902692011248461-9994                   0000000000000009994800000000002               019994      20041400000000898600000000012N100414120000000000003000000000000000000000000000000000000000000000000253283180000122Tesheiner Cavassani e Giacomazi AdvogadoRua João Adolfo,118-Conj. 405                       01050020                                                            000205
1                   000902692011248461-9995                   0000000000000009995600000000002               019995      21041400000000180000000000012N110414120000000000000600000000000000000000000000000000000000000000000100017683448842LUIS MARTINS NETTO                      Rua Júlio Ribeiro,243-LOJA 224                      03010030                                                            000206
1                   000902692011248461-9996                   0000000000000009996400000000002               019996      24041400000000472000000000012N140414120000000000001570000000000000000000000000000000000000000000000200360305025441104 Caixa Econômica Federal             Rua Joaquim Floriano,446                            04534002                                                            000207
1                   000902692011248461-9997                   0000000000000009997200000000002               019997      24041400000000226000000000012N140414120000000000000750000000000000000000000000000000000000000000000200360305025441104 Caixa Econômica Federal             Rua Joaquim Floriano,446                            04534002                                                            000208
1                   000902692011248461-9998                   0000000000000009998000000000002               019998      24041400000000645460000000012N140414120000000000002150000000000000000000000000000000000000000000000200360305181060104 Caixa Econômica Federal             Av. Adhemar de Barros,388                           11920000                                                            000209
1                   000902692011248461-9999                   0000000000000009999900000000002               019999      24041400000000360000000000012N1404141200000000000012000000000000000000000000000000000000000000000002000000003019811 Banco do Brasil S.A.                  Avenida Santos Dumont,225                           07180270                                                            000210
1                   000902692011248461-10000                  0000000000000010000800000000002               0110000     24041400000000352000000000012N140414120000000000001170000000000000000000000000000000000000000000000262232889000190Banco Daycoval S/A                      Avenida Paulista ,1793-02º Andar                    01311200                                                            000211
1                   000902692011248461-10001                  0000000000000010001600000000002               0110001     24041400000000160600000000012N140414120000000000000540000000000000000000000000000000000000000000000262232889000190Banco Daycoval S/A                      Avenida Paulista ,1793-02º Andar                    01311200                                                            000212
1                   000902692011248461-10002                  0000000000000010002400000000002               0110002     24041400000000060000000000012N140414120000000000000200000000000000000000000000000000000000000000000212721508000168IBRAHIM EL TURK PLANEJADOS              Avenida Águia de Haia - até 3301/3302,13            03694000                                                            000213
1                   000902692011248461-10003                  0000000000000010003200000000002               0110003     24041400000000150000000000012N140414120000000000000500000000000000000000000000000000000000000000000100017683448842LUIS MARTINS NETTO                      Rua Júlio Ribeiro,243-LOJA 224                      03010030                                                            000214
1                   000902692011248461-10004                  0000000000000010004000000000002               0110004     25041400000000302500000000012N150414120000000000001010000000000000000000000000000000000000000000000200360305267887104 Caixa Econômica Federal             Rua São Joaquim, 69 - 5º andar,69                   01508000                                                            000215
1                   000902692011248461-9784                   0000000000000009784800000000002               029784      17061400000015000000000000012N030414000000000000000000000000000000000000000000000000000000000000000100048068650259Aline Claudia Rodrigues Vinueza         Rua Paraná n° 516                                   28890000Taxa de Franquia -  Macaé LJ 02/RJ 1ª PARC.                 000216
1                   000902692011248461-9786                   0000000000000009786400000000002               029786      15081400000015000000000000012N030414000000000000000000000000000000000000000000000000000000000000000100048068650259Aline Claudia Rodrigues Vinueza         Rua Paraná n° 516                                   28890000Taxa de Franquia -  MACAÉ LJ 02/RJ  3ª PARC.                000217
1                   000902692011248461-9762                   0000000000000009762700000000002               319762      25041400000002346270000000012N010414120000000000010000000000000000000000000000000000000000000000000208166369000180COSTA DO CAPARICA ADMINISTRAÇÃO DE BENS Avenida Paulista,1374-13º e 14º andar               01310100                                                            000218
1                   000902692011248461-9752                   0000000000000009752P00000000002               319752      25041400000001604070000000012N010414120000000000010000000000000000000000000000000000000000000000000211794936000158PDG MASB EMPREENDIMENTOS IMOBILIARIOS SPAvenida Paulista,1374-13º e 14º andar               01310100                                                            000219
1                   000902692011248461-9772                   0000000000000009772400000000002               029772      25041400000000061200000000012N010414120000000000010000000000000000000000000000000000000000000000000208982379000194GOLD ACRE EMPREENDIMENTOS IMOBILIARIOS SAvenida Paulista,1374-13º e 14º andar               01310100                                                            000220
1                   000902692011248461-9743                   0000000000000009743000000000002               319743      25041400000001299600000000012N010414120000000000010000000000000000000000000000000000000000000000000208982379000194GOLD ACRE EMPREENDIMENTOS IMOBILIARIOS SAvenida Paulista,1374-13º e 14º andar               01310100                                                            000221
1                   000902692011248461-9744                   0000000000000009744900000000002               319744      25041400000001040750000000012N010414120000000000010000000000000000000000000000000000000000000000000208188603000170ELTANIN INCORPORADORA LTDA              Avenida Paulista,1374-13º e 14º andar               01310100                                                            000222
1                   000902692011248461-9773                   0000000000000009773200000000002               029773      25041400000000183600000000012N010414120000000000010000000000000000000000000000000000000000000000000208188603000170ELTANIN INCORPORADORA LTDA              Avenida Paulista,1374-13º e 14º andar               01310100                                                            000223
1                   000902692011248461-9775                   0000000000000009775900000000002               319775      25041400000000475500000000012N010414120000000000010000000000000000000000000000000000000000000000000210973245000159GOLD GANA EMPREENDIMENTOS IMOBILIARIOS SAvenida Paulista,1374-13º e 14º andar               01310100                                                            000224
1                   000902692011248461-9764                   0000000000000009764300000000002               029764      25041400000000530500000000012N010414120000000000010000000000000000000000000000000000000000000000000207421434000104JARDIM DAS VERTENCES INCOPORADORA SPE LTAvenida Paulista,1374-13º e 14º andar               01310100                                                            000225
1                   000902692011248461-9747                   0000000000000009747300000000002               319747      25041400000003348410000000012N010414120000000000010000000000000000000000000000000000000000000000000207421434000104JARDIM DAS VERTENTES INCORPORADORA SPE LAvenida Paulista,1374-13º e 14º andar               01310100                                                            000226
1                   000902692011248461-9755                   0000000000000009755400000000002               029755      25041400000000056000000000012N010414120000000000010000000000000000000000000000000000000000000000000211444235000199GOLDFARB 38 EMPREEDIMENTOS IMOBILIARIOS Avenida Paulista,1374-13º e 14º andar               01310100                                                            000227
1                   000902692011248461-9748                   0000000000000009748100000000002               319748      25041400000002020730000000012N010414120000000000010000000000000000000000000000000000000000000000000211444235000199GOLD FARB 38 EMPREENDIMENTOS IMOBILIARIOAvenida Paulista,1374-13º e 14º andar               01310100                                                            000228
1                   000902692011248461-9754                   0000000000000009754600000000002               319754      25041400000000307500000000012N010414120000000000010000000000000000000000000000000000000000000000000211837146000102PDG SP 4 INCORPORAÇÕES SPE LTDA         Avenida Paulista,1374-13º e 14º andar               01310100                                                            000229
1                   000902692011248461-9738                   0000000000000009738400000000002               069738      18041400000000653400000000012N270314120000000000010000000000000000000000000000000000000000000000000262232889000190Banco Daycoval S/A                      Avenida Paulista ,1793-02º Andar                    01311200                                                            000230
1                   000902692011248461-9762                   0000000000000009762700000000002               319762      25041400000002346270000000012N010414120000000000010000000000000000000000000000000000000000000000000208156644000185PENIDRE ADMINISTRACAO DE BENS LTDA.     RUA GOMES DE CARVALHO 1510                          04547005                                                            000231
9                                                                                                                                                                                                                                                                                                                                                                                                         000232