01REMESSA01COBRANCA       00000000000004130991SISTEMA DE CARTóRIO CERTIDõES 237BRADESCO       150514        MX0000717                                                                                                                                                                                                                                                                                     000001
1                   000902692011248461-10284                  0000000000000010284100000000002               0110284     17051400000000130000000000012N070514120000000000000430000000000000000000000000000000000000000000000216587135000135SBA Torres Brasil, Limitada             Avenida das Nações Unidas,11.857-7º Anda            04795100                                                            000002
1                   000902692011248461-10285                  0000000000000010285P00000000002               0110285     17051400000000088000000000012N070514120000000000000290000000000000000000000000000000000000000000000216587135000135SBA Torres Brasil, Limitada             Avenida das Nações Unidas,11.857-7º Anda            04795100                                                            000003
1                   000902692011248461-10286                  0000000000000010286800000000002               0110286     17051400000000176000000000012N070514120000000000000590000000000000000000000000000000000000000000000217184037010506389 Banco Mercantil do Brasil S.A.      Avenida Paulista ,923                               01311100                                                            000004
1                   000902692011248461-10287                  0000000000000010287600000000002               0110287     17051400000000160000000000012N070514120000000000000530000000000000000000000000000000000000000000000200360305063700104 Caixa Econômica Federal             AV: Rui Barbosa,281/287                             06311000                                                            000005
1                   000902692011248461-10288                  0000000000000010288400000000002               0110288     17051400000000135000000000012N070514120000000000000450000000000000000000000000000000000000000000000210377191000169ACM ASSESSORIA CONTABIL LTDA            Avenida Capitão Mário Toledo de Camargo,            09170150                                                            000006
1                   000902692011248461-10289                  0000000000000010289200000000002               0110289     18051400000000080000000000012N080514120000000000000270000000000000000000000000000000000000000000000212721508000168IBRAHIM EL TURK PLANEJADOS              Avenida Águia de Haia,1359                          03694000                                                            000007
1                   000902692011248461-10290                  0000000000000010290600000000002               0110290     19051400000000115000000000012N090514120000000000000380000000000000000000000000000000000000000000000249068737000135EMPRESA DE ÔNIBUS VILA GALVÃO           RODOVIA PRESIDENTE DUTRA ,KM223                     07034000                                                            000008
1                   000902692011248461-10291                  0000000000000010291400000000002               0110291     19051400000000105000000000012N090514120000000000000350000000000000000000000000000000000000000000000201190978000126ITALIA COMERCIAL TEXTIL LTDA ME         Rua Barão de Itapetininga ,298-04º Andar            01042001                                                            000009
1                   000902692011248461-10292                  0000000000000010292200000000002               0110292     19051400000000180000000000012N090514120000000000000600000000000000000000000000000000000000000000000210377191000169ACM ASSESSORIA CONTABIL LTDA            Avenida Capitão Mário Toledo de Camargo,            09170150                                                            000010
1                   000902692011248461-10293                  0000000000000010293000000000002               0110293     22051400000001536600000000012N120514120000000000005120000000000000000000000000000000000000000000000262232889000190Banco Daycoval S/A                      Avenida Paulista ,1793-02º Andar                    01311200                                                            000011
1                   000902692011248461-10294                  0000000000000010294900000000002               0110294     22051400000000230000000000012N120514120000000000000770000000000000000000000000000000000000000000000262232889000190Banco Daycoval S/A                      Avenida Paulista ,1793-02º Andar                    01311200                                                            000012
1                   000902692011248461-10295                  0000000000000010295700000000002               0110295     22051400000000160000000000012N120514120000000000000530000000000000000000000000000000000000000000000262232889000190Banco Daycoval S/A                      Avenida Paulista ,1793-02º Andar                    01311200                                                            000013
1                   000902692011248461-10296                  0000000000000010296500000000002               0110296     22051400000000160000000000012N120514120000000000000530000000000000000000000000000000000000000000000262232889000190Banco Daycoval S/A                      Avenida Paulista ,1793-02º Andar                    01311200                                                            000014
1                   000902692011248461-10297                  0000000000000010297300000000002               0110297     22051400000000600000000000012N120514120000000000002000000000000000000000000000000000000000000000000262232889000190Banco Daycoval S/A                      Avenida Paulista ,1793-02º Andar                    01311200                                                            000015
1                   000902692011248461-10298                  0000000000000010298100000000002               0110298     22051400000000188000000000012N120514120000000000000630000000000000000000000000000000000000000000000216587135000135SBA Torres Brasil, Limitada             Avenida das Nações Unidas,11.857-7º Anda            04795100                                                            000016
1                   000902692011248461-10299                  0000000000000010299P00000000002               0110299     22051400000000180400000000012N120514120000000000000600000000000000000000000000000000000000000000000200360305025441104 Caixa Econômica Federal             Rua Joaquim Floriano,446                            04534002                                                            000017
1                   000902692011248461-10300                  0000000000000010300700000000002               0110300     22051400000004781040000000012N120514120000000000015940000000000000000000000000000000000000000000000200360305024127104 Caixa Econômica Federal             Largo São José do Belém,160/162                     03057040                                                            000018
1                   000902692011248461-10301                  0000000000000010301500000000002               0110301     22051400000000160000000000012N120514120000000000000530000000000000000000000000000000000000000000000262232889000190Banco Daycoval S/A                      Avenida Paulista ,1793-02º Andar                    01311200                                                            000019
1                   000902692011248461-10302                  0000000000000010302300000000002               0110302     22051400000000709200000000012N120514120000000000002360000000000000000000000000000000000000000000000212721508000168IBRAHIM EL TURK PLANEJADOS              Avenida Águia de Haia - até 3301/3302,13            03694000                                                            000020
1                   000902692011248461-10303                  0000000000000010303100000000002               0110303     22051400000000188000000000012N120514120000000000000630000000000000000000000000000000000000000000000217184037010506389 Banco Mercantil do Brasil S.A.      Avenida Paulista ,923                               01311100                                                            000021
1                   000902692011248461-10304                  0000000000000010304P00000000002               0110304     23051400000000060000000000012N130514120000000000000200000000000000000000000000000000000000000000000212721508000168IBRAHIM EL TURK PLANEJADOS              Avenida Águia de Haia,1359                          03694000                                                            000022
1                   000902692011248461-10305                  0000000000000010305800000000002               0110305     23051400000000176000000000012N130514120000000000000590000000000000000000000000000000000000000000000262232889000190Banco Daycoval S/A                      Avenida Paulista ,1793-02º Andar                    01311200                                                            000023
1                   000902692011248461-10306                  0000000000000010306600000000002               0110306     23051400000001350830000000012N130514120000000000004500000000000000000000000000000000000000000000000217184037010506389 Banco Mercantil do Brasil S.A.      Avenida Paulista ,923                               01311100                                                            000024
1                   000902692011248461-10307                  0000000000000010307400000000002               0110307     23051400000000552200000000012N130514120000000000001840000000000000000000000000000000000000000000000200360305413964104 Caixa Econômica Federal             Avenida das Nações Unidas ,22540                    04795000                                                            000025
1                   000902692011248461-10308                  0000000000000010308200000000002               0110308     23051400000000150000000000012N130514120000000000000500000000000000000000000000000000000000000000000205888414000112Creações MX Fashion LTDA                Rua Aimorés - lado par,210                          01122010                                                            000026
1                   000902692011248461-10309                  0000000000000010309000000000002               0110309     23051400000000899110000000012N130514120000000000003000000000000000000000000000000000000000000000000217184037010506389 Banco Mercantil do Brasil S.A.      Avenida Paulista ,923                               01311100                                                            000027
1                   000902692011248461-10310                  0000000000000010310400000000002               0110310     23051400000000176000000000012N130514120000000000000590000000000000000000000000000000000000000000000262232889000190Banco Daycoval S/A                      Avenida Paulista ,1793-02º Andar                    01311200                                                            000028
1                   000902692011248461-10311                  0000000000000010311200000000002               0110311     23051400000003407710000000012N130514120000000000011360000000000000000000000000000000000000000000000200360305063700104 Caixa Econômica Federal             AV: Rui Barbosa,281/287                             06311000                                                            000029
1                   000902692011248461-10312                  0000000000000010312000000000002               0110312     24051400000000205000000000012N140514120000000000000680000000000000000000000000000000000000000000000216587135000135SBA Torres Brasil, Limitada             Alameda Madeira,222-15º andar                       06454010                                                            000030
1                   000902692011248461-10313                  0000000000000010313900000000002               0110313     24051400000001922800000000012N140514120000000000006410000000000000000000000000000000000000000000000200360305063700104 Caixa Econômica Federal             Av. Rui Barbosa,,281/287                            06311000                                                            000031
1                   000902692011248461-10314                  0000000000000010314700000000002               0110314     19051400000022000000000000012N140514000000000000000000000000000000000000000000000000000000000000000100076594653768Frederico Costa Ribeiro                 Av. Prefeito Silvio Picanço, 355 Ap. 201            24365025Taxa de Franquia - Orlando/USA                              000032
1                   000902692011248461-10315                  0000000000000010315500000000002               0110315     24051400000000175000000000012N140514120000000000000580000000000000000000000000000000000000000000000249068737000135EMPRESA DE ÔNIBUS VILA GALVÃO           RODOVIA PRESIDENTE DUTRA ,KM223                     07034000                                                            000033
1                   000902692011248461-10317                  0000000000000010317100000000002               0110317     21051400000012500000000000012N140514000000000000000000000000000000000000000000000000000000000000000100006119817697Rodolfo dos Santos Machado              Av. Santos Dumont, 55                               39205000Taxa de Franquia - Três Marias/MG 1ª Parcela                000034
1                   000902692011248461-10318                  0000000000000010318P00000000002               0110318     11061400000012500000000000012N140514000000000000000000000000000000000000000000000000000000000000000100006119817697Rodolfo dos Santos Machado              Av. Santos Dumont, 55                               39205000Taxa de Franquia - Três Marias/MG 2ª Parcela                000035
1                   000902692011248461-10132                  0000000000000010132200000000002               3110132     08051400000000500000000000012N060514000000000000010000000000000000000000000000000000000000000000000113743219000122Valentim e Silva Serviços               Praça Antônio Dias,584                              38700110Protesto após 5 dias                                        000036
9                                                                                                                                                                                                                                                                                                                                                                                                         000037