01REMESSA01COBRANCA       00000000000004130991SISTEMA DE CARTóRIO CERTIDõES 237BRADESCO       160714        MX0000731                                                                                                                                                                                                                                                                                     000001
1                   000902692011248461-10965                  0000000000000010965P00000000002               0110965     21071400000000180000000000012N110714120000000000000600000000000000000000000000000000000000000000000260746948288620237 Banco Bradesco S.A.                 Av Comendador Sant`anna,,1154                       05866000                                                            000002
1                   000902692011248461-10966                  0000000000000010966800000000002               0110966     21071400000000230000000000012N110714120000000000000770000000000000000000000000000000000000000000000262232889000190Banco Daycoval S/A                      Avenida Paulista ,1793-02º Andar                    01311200                                                            000003
1                   000902692011248461-10967                  0000000000000010967600000000002               0110967     21071400000000582880000000012N110714120000000000001940000000000000000000000000000000000000000000000200360305267887104 Caixa Econômica Federal             Rua São Joaquim ,69-5º andar                        01508001                                                            000004
1                   000902692011248461-10968                  0000000000000010968400000000002               0110968     24071400000000306000000000012N140714120000000000001020000000000000000000000000000000000000000000000205888414000112CREAÇÕES MX FASHION LIMITADA            Rua Aimorés ,210                                    01122010                                                            000005
1                   000902692011248461-10969                  0000000000000010969200000000002               0110969     18071400000015000000000000012N140714000000000000000000000000000000000000000000000000000000000000000100091633125491MARCIA MARIA SANTOS BEZERRA             RUA DA CAVALA ,426                                  59133050Taxa de Franquia - São Gonçalo do Amarante/RN               000006
1                   000902692011248461-10970                  0000000000000010970600000000002               0110970     16071400000000472000000000012N150714120000000000000000000000000000000000000000000000000000000000000200360305025441104 Caixa Econômica Federal             Rua Joaquim Floriano,446                            04534002                                                            000007
1                   000902692011248461-10971                  0000000000000010971400000000002               0110971     25071400000000400000000000012N150714120000000000001330000000000000000000000000000000000000000000000262232889000190Banco Daycoval S/A                      Avenida Paulista ,1793-02º Andar                    01311200                                                            000008
1                   000902692011248461-10972                  0000000000000010972200000000002               0110972     21071400000000466410000000012N160714000000000000000000000000000000000000000000000000000000000000000253283180000122Tesheiner Cavassani e Giacomazi AdvogadoRua João Adolfo, 118                                01050020                                                            000009
1                   000902692011248461-10973                  0000000000000010973000000000002               0110973     21071400000000180000000000012N160714120000000000000600000000000000000000000000000000000000000000000253283180000122Tesheiner Cavassani e Giacomazi AdvogadoRua João Adolfo,118-8º andar   sala 801             01050020                                                            000010
1                   000902692011248461-10974                  0000000000000010974900000000002               0110974     21071400000000100000000000012N160714120000000000000330000000000000000000000000000000000000000000000253283180000122Tesheiner Cavassani e Giacomazi AdvogadoRua João Adolfo,118-8º andar   sala 801             01050020                                                            000011
1                   000902692011248461-10975                  0000000000000010975700000000002               0110975     21071400000000180000000000012N160714120000000000000600000000000000000000000000000000000000000000000253283180000122Tesheiner Cavassani e Giacomazi AdvogadoRua João Adolfo,118-8º andar   sala 801             01050020                                                            000012
1                   000902692011248461-10976                  0000000000000010976500000000002               0110976     21071400000001879500000000012N160714120000000000006270000000000000000000000000000000000000000000000253283180000122Tesheiner Cavassani e Giacomazi AdvogadoRua João Adolfo,118-Conj. 405                       01050020                                                            000013
1                   000902692011248461-10977                  0000000000000010977300000000002               0110977     26071400000000270000000000012N160714120000000000000900000000000000000000000000000000000000000000000217184037010506389 Banco Mercantil do Brasil S.A.      Avenida Paulista ,923                               01311100                                                            000014
1                   000902692011248461-10978                  0000000000000010978100000000002               0110978     26071400000000360000000000012N160714120000000000001200000000000000000000000000000000000000000000000210377191000169ACM ASSESSORIA CONTABIL LTDA            Avenida Capitão Mário Toledo de Camargo,            09170150                                                            000015
1                   000902692011248461-10979                  0000000000000010979P00000000002               0110979     26071400000000050000000000012N160714120000000000000170000000000000000000000000000000000000000000000200360305025441104 Caixa Econômica Federal             Rua Joaquim Floriano,446                            04534002                                                            000016
1                   000902692011248461-10980                  0000000000000010980300000000002               0110980     26071400000000214480000000012N160714120000000000000710000000000000000000000000000000000000000000000217184037010506389 Banco Mercantil do Brasil S.A.      Avenida Paulista ,923                               01311100                                                            000017
1                   000902692011248461-10981                  0000000000000010981100000000002               0110981     25071400000004902860000000012N160714060500000000016340000000000000000000000000000000000000000000000214842663000168DOCCLOUD – SOLUÇÃO DIGITAL EIRELI       Rua João Bernestein, nº 382                         13473200                                                            000018
1                   000902692011248461-10982                  0000000000000010982P00000000002               0110982     25071400000002315210000000012N160714060500000000007720000000000000000000000000000000000000000000000209263012000183Fundo de Investimento em Direitos CreditAvenida Paulista,1499                               01311200                                                            000019
1                   000902692011248461-10047                  0000000000000010047400000000002               0610047     21071400000001816310000000012N300414120000000000010000000000000000000000000000000000000000000000000253283180000122Tesheiner Cavassani e Giacomazi AdvogadoRua João Adolfo,118-Conj. 405                       01050020                                                            000020
1                   000902692011248461-10689                  0000000000000010689800000000002               0610689     21071400000000210000000000012N100614120000000000010000000000000000000000000000000000000000000000000260746948288620237 Banco Bradesco S.A.                 Av Comendador Sant`anna,,11154                      05866000                                                            000021
1                   000902692011248461-10689                  0000000000000010689800000000002               3110689     21071400000000210000000000012N100614120000000000010000000000000000000000000000000000000000000000000260746948288620237 Banco Bradesco S.A.                 Av Comendador Sant`anna,,11154                      05866000                                                            000022
9                                                                                                                                                                                                                                                                                                                                                                                                         000023