01REMESSA01COBRANCA       00000000000004130991SISTEMA DE CARTóRIO CERTIDõES 237BRADESCO       160114        MX0000692                                                                                                                                                                                                                                                                                     000001
1                   000902692011248461-9075                   0000000000000009075400000000002               019075      15011400000002687500000000012N100114060500000000000000000000000000000000000000000000000000000000000212587280000165RTC INTERMEDIAÇÃO CARTORÁRIA LTDA - ME  Rua Montenegro,171A                                 11410040ACORDO ROYALTIES 2/3                                        000002
1                   000902692011248461-9076                   0000000000000009076200000000002               019076      31011400000002687500000000012N100114060500000000000000000000000000000000000000000000000000000000000212587280000165RTC INTERMEDIAÇÃO CARTORÁRIA LTDA - ME  Rua Montenegro, 171A                                11410040ACORDO ROYALTIES 3/3                                        000003
1                   000902692011248461-9077                   0000000000000009077000000000002               019077      25011400000000223300000000012N150114120000000000000740000000000000000000000000000000000000000000000262232889000190Banco Daycoval S/A                      Avenida Paulista ,1793-02º Andar                    01311200                                                            000004
1                   000902692011248461-9078                   0000000000000009078900000000002               019078      25011400000000088560000000012N150114120000000000000300000000000000000000000000000000000000000000000210377191000169ACM ASSESSORIA CONTABIL LTDA            Avenida Capitão Mário Toledo de Camargo,            09170150                                                            000005
1                   000902692011248461-9079                   0000000000000009079700000000002               019079      20011400000006250000000000012N150114000000000000000000000000000000000000000000000000000000000000000100029677817892Guilherme Pizzo                         Rua Aimberê, 1485 – 7º. andar                       01258020Taxa de Franquia - Birigui/SP                               000006
1                   000902692011248461-9080                   0000000000000009080000000000002               019080      20011400000006250000000000012N150114000000000000000000000000000000000000000000000000000000000000000100027529548832Fernando Solweig Campomizzio Astolphi   Rod. Teotônio Vilela, Km 1 Casa 150                 04801010Taxa de Franquia - Birigui/SP                               000007
1                   000902692011248461-9081                   0000000000000009081900000000002               019081      26011400000000486400000000012N160114120000000000001620000000000000000000000000000000000000000000000200360305267887104 Caixa Econômica Federal             Rua São Joaquim,,69-5º andar                        01508000                                                            000008
1                   000902692011248461-9063                   0000000000000009063000000000002               069063      10011400000000500000000000012N080114060500000000000000000000000000000000000000000000000000000000000217292398000180DOTTON INTERMEDIACAO CARTORARIA LTDA - MRua Senador Fláquer ,241                            09010160Royalties Dezembro/2013                                     000009
1                   000902692011248461-8788                   0000000000000008788500000000002               188788      30121300000004875000000000012N111213060500000000000000000000000000000000000000000000000000000000000212587280000165RTC INTERMEDIAÇÃO CARTORÁRIA LTDA - ME  Rua Montenegro, 171A                                11410040Acordo de Royalties                                         000010
1                   000902692011248461-9074                   0000000000000009074600000000002               029074      10021400000010000000000000012N090114000000000000000000000000000000000000000000000000000000000000000100007806414932Marity Eyng Nuernberg                   Av. Santos Dumont, 1281                             88803200Taxa de Franquia - Criciúma/SC 2ª Parc.                     000011
9                                                                                                                                                                                                                                                                                                                                                                                                         000012