01REMESSA01COBRANCA       00000000000004130991SISTEMA DE CARTóRIO CERTIDõES 237BRADESCO       171014        MX0000745                                                                                                                                                                                                                                                                                     000001
1                   000902692011248461-12248                  0000000000000012248600000000002               0112248     27101400000000105000000000012N1710141200000000000003500000000000000000000000000000000000000000000002000000006731881 Banco do Brasil S.A.                  Rua Itinguçu ,670                                   03658000                                                            000002
1                   000902692011248461-12249                  0000000000000012249400000000002               0112249     27101400000000352000000000012N171014120000000000001170000000000000000000000000000000000000000000000217184037010506389 Banco Mercantil do Brasil S.A.      Avenida Paulista ,923                               01311100                                                            000003
1                   000902692011248461-12250                  0000000000000012250800000000002               0112250     27101400000000176000000000012N171014120000000000000590000000000000000000000000000000000000000000000217184037010506389 Banco Mercantil do Brasil S.A.      Avenida Paulista ,923                               01311100                                                            000004
1                   000902692011248461-12251                  0000000000000012251600000000002               0112251     27101400000000528000000000012N171014120000000000001760000000000000000000000000000000000000000000000217184037010506389 Banco Mercantil do Brasil S.A.      Avenida Paulista ,923                               01311100                                                            000005
1                   000902692011248461-12252                  0000000000000012252400000000002               0112252     27101400000000330000000000012N171014120000000000001100000000000000000000000000000000000000000000000262232889000190Banco Daycoval S/A                      Avenida Paulista ,1793-02º Andar                    01311200                                                            000006
9                                                                                                                                                                                                                                                                                                                                                                                                         000007