01REMESSA01COBRANCA       00000000000004130991SISTEMA DE CARTÛRIO CERTIDıES 237BRADESCO       170714        MX0000732                                                                                                                                                                                                                                                                                     000001
1                   000902692011248461-10983                  0000000000000010983800000000002               0110983     28071400000005000000000000012N170714000000000000000000000000000000000000000000000000000000000000000100052140865200BRUNA DE ALENCAR REBOU«AS               RUA 45 - N∫ 36 - QUADRA 144, NUCLEO 5               69095330TAXA DE FRANQUIA MANAUS                                     000002
1                   000902692011248461-10984                  0000000000000010984600000000002               0110984     21071400000048000000000000012N170714000000000000000000000000000000000000000000000000000000000000000100091949793753CRISTINA MARIA CORREIA LIMA NOVAL       AV. AQUARELA DO BRASIL,333  APTO 704 BL2            22610010Taxa de Franquia - Rio de Janeiro/RJ                        000003
1                   000902692011248461-10952                  0000000000000010952800000000002               0610952     21071400000050000000000000012N100714000000000000000000000000000000000000000000000000000000000000000100007867596747Isabele Moura de Bivar                  Rua Visconde De Santa Isabel, 161                   20560120Taxa de Franquia - Rio de Janeiro/RJ                        000004
9                                                                                                                                                                                                                                                                                                                                                                                                         000005