01REMESSA01COBRANCA       00000000000004130991SISTEMA DE CARTÛRIO CERTIDıES 237BRADESCO       180214        MX0000699                                                                                                                                                                                                                                                                                     000001
1                   000902692011248461-9432                   0000000000000009432600000000002               019432      24021400000000720000000000012N180214000000000000000000000000000000000000000000000000000000000000000260911864000197Comax Assessoria Empresarial Ltda.      Rua S„o Bento, 365 12∫ ANDAR                        01011100Custas adicionais ordem 277837/1 · 36                       000002
1                   000902692011248461-9433                   0000000000000009433400000000002               019433      28021400000005968860000000012N180214120000000000019900000000000000000000000000000000000000000000000260911864000197Comax Assessoria Empresarial Ltda.      Rua S„o Bento,365-12∫ andar                         01011100                                                            000003
1                   000902692011248461-9434                   0000000000000009434200000000002               019434      28021400000000326700000000012N180214120000000000001090000000000000000000000000000000000000000000000262232889000190Banco Daycoval S/A                      Avenida Paulista ,1793-02∫ Andar                    01311200                                                            000004
1                   000902692011248461-9435                   0000000000000009435000000000002               019435      28021400000000653400000000012N180214120000000000002180000000000000000000000000000000000000000000000262232889000190Banco Daycoval S/A                      Avenida Paulista ,1793-02∫ Andar                    01311200                                                            000005
1                   000902692011248461-9436                   0000000000000009436900000000002               019436      28021400000000391600000000012N180214120000000000001310000000000000000000000000000000000000000000000262232889000190Banco Daycoval S/A                      Avenida Paulista ,1793-02∫ Andar                    01311200                                                            000006
1                   000902692011248461-9437                   0000000000000009437700000000002               019437      28021400000000326700000000012N180214120000000000001090000000000000000000000000000000000000000000000262232889000190Banco Daycoval S/A                      Avenida Paulista ,1793-02∫ Andar                    01311200                                                            000007
1                   000902692011248461-9310                   0000000000000009310900000000002               029310      22021400000002841530000000012N050214120000000000010000000000000000000000000000000000000000000000000260911864000197Comax Assessoria Empresarial Ltda.      Rua S„o Bento,365-12∫ andar                         01011100                                                            000008
1                   000902692011248461-9349                   0000000000000009349400000000002               029349      22021400000002462500000000012N060214120000000000010000000000000000000000000000000000000000000000000260911864000197Comax Assessoria Empresarial Ltda.      Rua S„o Bento,365-12∫ andar                         01011100                                                            000009
1                   000902692011248461-9365                   0000000000000009365600000000002               029365      20021400000001964010000000012N100214120000000000010000000000000000000000000000000000000000000000000260911864000197Comax Assessoria Empresarial Ltda.      Rua S„o Bento,365-12∫ andar                         01011100                                                            000010
1                   000902692011248461-9394                   0000000000000009394P00000000002               029394      22021400000000233920000000012N120214120000000000010000000000000000000000000000000000000000000000000260911864000197Comax Assessoria Empresarial Ltda.      Rua S„o Bento,365-12∫ andar                         01011100                                                            000011
1                   000902692011248461-9426                   0000000000000009426100000000002               029426      24021400000000470880000000012N140214120000000000010000000000000000000000000000000000000000000000000260911864000197Comax Assessoria Empresarial Ltda.      Rua S„o Bento,365-12∫ andar                         01011100                                                            000012
9                                                                                                                                                                                                                                                                                                                                                                                                         000013