01REMESSA01COBRANCA       00000000000004130991SISTEMA DE CARTóRIO CERTIDõES 237BRADESCO       190814        MX0000740                                                                                                                                                                                                                                                                                     000001
1                   000902692011248461-11270                  0000000000000011270700000000002               0111270     23081400000000176000000000012N130814120000000000000590000000000000000000000000000000000000000000000217184037010506389 Banco Mercantil do Brasil S.A.      Avenida Paulista ,923                               01311100                                                            000002
1                   000902692011248461-11271                  0000000000000011271500000000002               0111271     23081400000000200000000000012N130814120000000000000670000000000000000000000000000000000000000000000217184037010506389 Banco Mercantil do Brasil S.A.      Avenida Paulista ,923                               01311100                                                            000003
1                   000902692011248461-11272                  0000000000000011272300000000002               0111272     24081400000000352000000000012N140814120000000000001170000000000000000000000000000000000000000000000217184037010506389 Banco Mercantil do Brasil S.A.      Avenida Paulista ,923                               01311100                                                            000004
1                   000902692011248461-11273                  0000000000000011273100000000002               0111273     24081400000000140000000000012N140814120000000000000470000000000000000000000000000000000000000000000200360305025441104 Caixa Econômica Federal             Rua Joaquim Floriano,446                            04534002                                                            000005
1                   000902692011248461-11274                  0000000000000011274P00000000002               0111274     24081400000000300000000000012N140814120000000000001000000000000000000000000000000000000000000000000210377191000169ACM ASSESSORIA CONTABIL LTDA            Avenida Capitão Mário Toledo de Camargo,            09170150                                                            000006
1                   000902692011248461-11275                  0000000000000011275800000000002               0111275     25081400000000975150000000012N150814120000000000003250000000000000000000000000000000000000000000000262232889000190Banco Daycoval S/A                      Avenida Paulista ,1793-02º Andar                    01311200                                                            000007
1                   000902692011248461-11276                  0000000000000011276600000000002               0111276     25081400000001004700000000012N150814120000000000003350000000000000000000000000000000000000000000000262232889000190Banco Daycoval S/A                      Avenida Paulista ,1793-02º Andar                    01311200                                                            000008
1                   000902692011248461-11277                  0000000000000011277400000000002               0111277     25081400000000450000000000012N150814120000000000001500000000000000000000000000000000000000000000000200360305267887104 Caixa Econômica Federal             Rua São Joaquim ,69-5º andar                        01508001                                                            000009
1                   000902692011248461-11278                  0000000000000011278200000000002               0111278     29081400000000270000000000012N190814120000000000000900000000000000000000000000000000000000000000000262232889000190Banco Daycoval S/A                      Avenida Paulista ,1793-02º Andar                    01311200                                                            000010
1                   000902692011248461-11279                  0000000000000011279000000000002               0111279     21081400000005118440000000012N190814120000000000000000000000000000000000000000000000000000000000000214842663000168DOCCLOUD-SOLUÇÃO DIGITAL EIRELI         RUA JOÃO BERNESTEIN,Nº 382                          13473200                                                            000011
1                   000902692011248461-11057                  0000000000000011057700000000002               0611057     05091400000000088000000000012N010814120000000000010000000000000000000000000000000000000000000000000214068577000140PDG SPE 15 EMPREENDIMENTOS IMOBILIARIOS Avenida Paulista,1374-13º e 14º andar               01310100                                                            000012
1                   000902692011248461-11269                  0000000000000011269300000000002               0611269     27081400000001370680000000012N120814120000000000010000000000000000000000000000000000000000000000000201701201026811399 HSBC Bank Brasil S.A. - Banco MultipRua Guilherme Asbahr Neto,,52                       04646000                                                            000013
9                                                                                                                                                                                                                                                                                                                                                                                                         000014