01REMESSA01COBRANCA       00000000000004130991SISTEMA DE CARTóRIO CERTIDõES 237BRADESCO       191114        MX0000748                                                                                                                                                                                                                                                                                     000001
1                   000902692011248461-12527                  0000000000000012527200000000002               0112527     14111400000000600000000000012N041114120000000000002000000000000000000000000000000000000000000000000200360305025441104 Caixa Econômica Federal             Rua Joaquim Floriano,446                            04534002                                                            000002
1                   000902692011248461-12528                  0000000000000012528000000000002               0112528     14111400000000100000000000012N041114120000000000000330000000000000000000000000000000000000000000000200360305025441104 Caixa Econômica Federal             Rua Joaquim Floriano,446                            04534002                                                            000003
1                   000902692011248461-12529                  0000000000000012529900000000002               0112529     14111400000000200000000000012N041114120000000000000670000000000000000000000000000000000000000000000200360305025441104 Caixa Econômica Federal             Rua Joaquim Floriano,446                            04534002                                                            000004
1                   000902692011248461-12530                  0000000000000012530200000000002               0112530     06111400000000168000000000012N051114120000000000000560000000000000000000000000000000000000000000000208421706000139COLORE EMPREENDIMENTO IMOBILIÁRIO SPE S/Avenida Paulista,1374-13º e 14º andar               01310100                                                            000005
1                   000902692011248461-12531                  0000000000000012531000000000002               0112531     15111400000000150000000000012N051114120000000000000500000000000000000000000000000000000000000000000271731335000128Seval administração de condomínios Ltda Avenida Doutor Gentil de Moura,,287                 04278080                                                            000006
1                   000902692011248461-12532                  0000000000000012532900000000002               0112532     15111400000000100000000000012N051114120000000000000330000000000000000000000000000000000000000000000200360305025441104 Caixa Econômica Federal             Rua Joaquim Floriano,446                            04534002                                                            000007
1                   000902692011248461-12724                  0000000000000012724000000000002               0112724     08111400000000500000000000012N061114000000000000001670000000000000000000000000000000000000000000000118433773000127MUZETI ASSESSORIA CARTORARIA LTDA ME    Rua 20,1022                                         14780070Protesto após 5 dias                                        000008
1                   000902692011248461-12725                  0000000000000012725900000000002               0112725     17111400000000200000000000012N071114120000000000000670000000000000000000000000000000000000000000000200360305025441104 Caixa Econômica Federal             Rua Joaquim Floriano,446                            04534002                                                            000009
1                   000902692011248461-12726                  0000000000000012726700000000002               0112726     17111400000000600040000000012N071114120000000000002000000000000000000000000000000000000000000000000269131159000141Sistema de Cartório Certidões Ltda EPP  Rua José Bonifácio ,278                             01003000                                                            000010
1                   000902692011248461-12727                  0000000000000012727500000000002               0112727     17111400000000500000000000012N071114120000000000001670000000000000000000000000000000000000000000000262232889000190Banco Daycoval S/A                      Avenida Paulista ,1793-02º Andar                    01311200                                                            000011
1                   000902692011248461-12728                  0000000000000012728300000000002               0112728     20111400000000330000000000012N101114120000000000001100000000000000000000000000000000000000000000000262232889000190Banco Daycoval S/A                      Avenida Paulista ,1793-02º Andar                    01311200                                                            000012
1                   000902692011248461-12729                  0000000000000012729100000000002               0112729     20111400000000600000000000012N101114120000000000002000000000000000000000000000000000000000000000000200360305025441104 Caixa Econômica Federal             Rua Joaquim Floriano,446                            04534002                                                            000013
1                   000902692011248461-12730                  0000000000000012730500000000002               0112730     20111400000000666400000000012N101114120000000000002220000000000000000000000000000000000000000000000200360305025441104 Caixa Econômica Federal             Rua Joaquim Floriano,446                            04534002                                                            000014
1                   000902692011248461-12731                  0000000000000012731300000000002               0112731     20111400000000761600000000012N101114120000000000002540000000000000000000000000000000000000000000000200360305025441104 Caixa Econômica Federal             Rua Joaquim Floriano,446                            04534002                                                            000015
1                   000902692011248461-12732                  0000000000000012732100000000002               0112732     20111400000000200000000000012N101114120000000000000670000000000000000000000000000000000000000000000200360305025441104 Caixa Econômica Federal             Rua Joaquim Floriano,446                            04534002                                                            000016
1                   000902692011248461-12734                  0000000000000012734800000000002               0112734     22111400000000040000000000012N121114120000000000000130000000000000000000000000000000000000000000000253283180000122Tesheiner Cavassani e Giacomazi AdvogadoRua João Adolfo,118-Conj. 405                       01050020                                                            000017
1                   000902692011248461-12875                  0000000000000012875100000000002               0112875     08111400000000500000000000012N121114000000000000001670000000000000000000000000000000000000000000000113372039000262DE PAULA E FRANÇA SERVIÇOS PRIVADOS E INRua Roberto Calmon,140                              29200340Protesto após 5 dias                                        000018
1                   000902692011248461-12876                  0000000000000012876P00000000002               0112876     23111400000000100000000000012N131114120000000000000330000000000000000000000000000000000000000000000253283180000122Tesheiner Cavassani e Giacomazi AdvogadoRua João Adolfo,118-Conj. 405                       01050020                                                            000019
1                   000902692011248461-12877                  0000000000000012877800000000002               0112877     23111400000000200000000000012N131114120000000000000670000000000000000000000000000000000000000000000200360305025441104 Caixa Econômica Federal             Rua Joaquim Floriano,446                            04534002                                                            000020
1                   000902692011248461-12878                  0000000000000012878600000000002               0112878     17111400000002000000000000012N141114000000000000000000000000000000000000000000000000000000000000000218384480000105INTERMEDIAÇÃO CARTORÁRIA INTERLAGOS LTDAAv. Nossa Senhora do Sabará, 1687                   04685004Acordo de royalties                                         000021
1                   000902692011248461-12880                  0000000000000012880800000000002               0112880     24111400000000255000000000012N141114120000000000000850000000000000000000000000000000000000000000000200360305267887104 Caixa Econômica Federal             Rua São Joaquim,69-5º andar                         01508000                                                            000022
1                   000902692011248461-12881                  0000000000000012881600000000002               0112881     24111400000002107490000000012N1411141200000000000070200000000000000000000000000000000000000000000002000000005070911 Banco do Brasil S.A.                  Rua Doutor César ,530-11º andar                     02013002                                                            000023
1                   000902692011248461-12882                  0000000000000012882400000000002               0112882     18111400000008176730000000012N1711140000000000000000000000000000000000000000000000000000000000000002000000005070911 Banco do Brasil S.A. 3340-5 Ag        Rua Doutor César, 530 - 11º andar                   02013002Referente as custas adicionais das ordens 330624            000024
1                   000902692011248461-12883                  0000000000000012883200000000002               0112883     27111400000000100000000000012N171114120000000000000330000000000000000000000000000000000000000000000260746948288620237 Banco Bradesco S.A.                 Av Comendador Sant`anna,,1154                       05866000                                                            000025
1                   000902692011248461-12884                  0000000000000012884000000000002               0112884     27111400000000100000000000012N171114120000000000000330000000000000000000000000000000000000000000000260746948288620237 Banco Bradesco S.A.                 Av Comendador Sant`anna,,1154                       05866000                                                            000026
1                   000902692011248461-12885                  0000000000000012885900000000002               0112885     28111400000000176000000000012N181114120000000000000590000000000000000000000000000000000000000000000260746948288620237 Banco Bradesco S.A.                 Av Comendador Sant`anna,,1154                       05866000                                                            000027
1                   000902692011248461-12886                  0000000000000012886700000000002               0112886     28111400000000176000000000012N181114120000000000000590000000000000000000000000000000000000000000000260746948288620237 Banco Bradesco S.A.                 Av Comendador Sant`anna,,1154                       05866000                                                            000028
1                   000902692011248461-12887                  0000000000000012887500000000002               0112887     28111400000000176000000000012N181114120000000000000590000000000000000000000000000000000000000000000260746948288620237 Banco Bradesco S.A.                 Av Comendador Sant`anna,,1154                       05866000                                                            000029
1                   000902692011248461-12888                  0000000000000012888300000000002               0112888     28111400000000380000000000012N181114120000000000001270000000000000000000000000000000000000000000000201701201000189399 HSBC Bank Brasil S.A. - Banco MultipRua Doutor Seidel,425                               05315000                                                            000030
1                   000902692011248461-12889                  0000000000000012889100000000002               0112889     28111400000000650000000000012N181114120000000000002170000000000000000000000000000000000000000000000262232889000190Banco Daycoval S/A                      Avenida Paulista ,1793-02º Andar                    01311200                                                            000031
1                   000902692011248461-12469                  0000000000000012469100000000002               3112469     08111400000000350000000000012N031114000000000000010000000000000000000000000000000000000000000000000120175730000130FORMICOLI & ALVES LTDA                  Rua Porto Seguro,188                                87200258Protesto após 5 dias                                        000032
1                   000902692011248461-12277                  0000000000000012277P00000000002               0612277     10111400000000330000000000012N231014120000000000010000000000000000000000000000000000000000000000000262232889000190Banco Daycoval S/A                      Avenida Paulista ,1793-02º Andar                    01311200                                                            000033
1                   000902692011248461-12278                  0000000000000012278800000000002               0612278     10111400000000330000000000012N231014120000000000010000000000000000000000000000000000000000000000000262232889000190Banco Daycoval S/A                      Avenida Paulista ,1793-02º Andar                    01311200                                                            000034
1                   000902692011248461-12278                  0000000000000012278800000000002               0612278     18111400000000330000000000012N231014120000000000010000000000000000000000000000000000000000000000000262232889000190Banco Daycoval S/A                      Avenida Paulista ,1793-02º Andar                    01311200                                                            000035
9                                                                                                                                                                                                                                                                                                                                                                                                         000036