01REMESSA01COBRANCA       00000000000004130991SISTEMA DE CARTóRIO CERTIDõES 237BRADESCO       200214        MX0000700                                                                                                                                                                                                                                                                                     000001
1                   000902692011248461-9438                   0000000000000009438500000000002               019438      28021400000001037500000000012N190214060500000000000000000000000000000000000000000000000000000000000213845551000106MACEDO & MELO INTERMEDIACOES CARTORARIASRUA LIZANDRO NOGUEIRA, 1223 SALA 304                64000200ACORDO ROYALTIES 2/3                                        000002
1                   000902692011248461-9439                   0000000000000009439300000000002               019439      30031400000001037500000000012N190214060500000000000000000000000000000000000000000000000000000000000213845551000106MACEDO & MELO INTERMEDIACOES CARTORARIASRUA LIZANDRO NOGUEIRA                               64000200ACORDO ROYALTIES 3/3                                        000003
1                   000902692011248461-9440                   0000000000000009440700000000002               019440      01031400000000486340000000012N1902141200000000000016200000000000000000000000000000000000000000000002000000005070911 Banco do Brasil S.A.                  Rua Doutor César - de 0449/450 a 799/080            02013002                                                            000004
1                   000902692011248461-9441                   0000000000000009441500000000002               019441      02031400000000223300000000012N200214120000000000000740000000000000000000000000000000000000000000000100036222173837Wellis Fernandes Pinho                  Avenida Paulista ,nº 1793-2º andar                  01311200                                                            000005
1                   000902692011248461-9442                   0000000000000009442300000000002               019442      28021400000000875000000000012N200214060500000000000000000000000000000000000000000000000000000000000216608106000102CONTAK INTERMEDIAÇÕES CARTORARIAS LTDA  Av. Conselheiro Nebias ,754                         11045002ACORDO Royalties 1/4                                        000006
1                   000902692011248461-9443                   0000000000000009443100000000002               019443      20031400000000875000000000012N200214060500000000000000000000000000000000000000000000000000000000000216608106000102CONTAK INTERMEDIAÇÕES CARTORARIAS LTDA  Av. Conselheiro Nebias, 754                         11045002ACORDO Royalties 2/4                                        000007
1                   000902692011248461-9444                   0000000000000009444P00000000002               019444      20041400000000875000000000012N200214060500000000000000000000000000000000000000000000000000000000000216608106000102CONTAK INTERMEDIAÇÕES CARTORARIAS LTDA  Av. Conselheiro Nebias,754                          11045002ACORDO Royalties 3/4                                        000008
1                   000902692011248461-9445                   0000000000000009445800000000002               019445      20051400000000875000000000012N200214060500000000000000000000000000000000000000000000000000000000000216608106000102CONTAK INTERMEDIAÇÕES CARTORARIAS LTDA  Av. Conselheiro Nebias,754                          11045002ACORDO Royalties 4/4                                        000009
1                   000902692011248461-9446                   0000000000000009446600000000002               019446      24021400000012000000000000012N200214000000000000000000000000000000000000000000000000000000000000000100008987200876Alfredo Queiroz Junior                  Rua dom João Maria Ogno 426 casa 10                 03530050Taxa de Franquia - Penha/SP 1ª parc.                        000010
1                   000902692011248461-9447                   0000000000000009447400000000002               019447      10041400000043000000000000012N200214000000000000000000000000000000000000000000000000000000000000000100008987200876Alfredo Queiroz Junior                  Rua dom João Maria Ogno 426 casa 10                 03530050Taxa de Franquia - Penha/SP 2ª parc.                        000011
1                   000902692011248461-9448                   0000000000000009448200000000002               019448      02031400000000102000000000012N200214120000000000000340000000000000000000000000000000000000000000000253283180000122Tesheiner Cavassani e Giacomazi AdvogadoRua João Adolfo,118-Conj. 405                       01050020                                                            000012
1                   000902692011248461-9449                   0000000000000009449000000000002               019449      02031400000000135000000000012N200214120000000000000450000000000000000000000000000000000000000000000210377191000169ACM ASSESSORIA CONTABIL LTDA            Avenida Capitão Mário Toledo de Camargo,            09170150                                                            000013
9                                                                                                                                                                                                                                                                                                                                                                                                         000014