01REMESSA01COBRANCA       00000000000004130991SISTEMA DE CARTóRIO CERTIDõES 237BRADESCO       200514        MX0000718                                                                                                                                                                                                                                                                                     000001
1                   000902692011248461-10319                  0000000000000010319800000000002               0110319     26051400000030000000000000012N150514000000000000000000000000000000000000000000000000000000000000000100006749643606PIERRE NICCHOLAS DERNER CARNEIRO        Rua Emilio Magno Glatt, 335 Ap 202                  85615000Taxa de Franquia - Francisco Beltrão/PR                     000002
1                   000902692011248461-10320                  0000000000000010320100000000002               0110320     26051400000000242000000000012N160514120000000000000810000000000000000000000000000000000000000000000262232889000190Banco Daycoval S/A                      Avenida Paulista ,1793-02º Andar                    01311200                                                            000003
1                   000902692011248461-10321                  0000000000000010321P00000000002               0110321     26051400000000653400000000012N160514120000000000002180000000000000000000000000000000000000000000000262232889000190Banco Daycoval S/A                      Avenida Paulista ,1793-02º Andar                    01311200                                                            000004
1                   000902692011248461-10322                  0000000000000010322800000000002               0110322     26051400000000326000000000012N160514120000000000001090000000000000000000000000000000000000000000000262232889000190Banco Daycoval S/A                      Avenida Paulista ,1793-02º Andar                    01311200                                                            000005
1                   000902692011248461-10323                  0000000000000010323600000000002               0110323     26051400000000326000000000012N160514120000000000001090000000000000000000000000000000000000000000000262232889000190Banco Daycoval S/A                      Avenida Paulista ,1793-02º Andar                    01311200                                                            000006
1                   000902692011248461-10324                  0000000000000010324400000000002               0110324     26051400000000176000000000012N160514120000000000000590000000000000000000000000000000000000000000000216587135000135SBA Torres Brasil, Limitada             Avenida das Nações Unidas,11.857-7º Anda            04795100                                                            000007
1                   000902692011248461-10325                  0000000000000010325200000000002               0110325     26051400000000242000000000012N160514120000000000000810000000000000000000000000000000000000000000000262232889000190Banco Daycoval S/A                      Avenida Paulista ,1793-02º Andar                    01311200                                                            000008
1                   000902692011248461-10326                  0000000000000010326000000000002               0110326     26051400000000180000000000012N160514120000000000000600000000000000000000000000000000000000000000000201190978000126ITALIA COMERCIAL TEXTIL LTDA ME         Rua Barão de Itapetininga ,298-04º Andar            01042001                                                            000009
1                   000902692011248461-10327                  0000000000000010327900000000002               0110327     29051400000000180400000000012N190514120000000000000600000000000000000000000000000000000000000000000217184037010506389 Banco Mercantil do Brasil S.A.      Avenida Paulista ,923                               01311100                                                            000010
1                   000902692011248461-10328                  0000000000000010328700000000002               0110328     29051400000000200000000000012N190514120000000000000670000000000000000000000000000000000000000000000243448687000135ANVI COMÉRCIO E INDÚSTRIA LTDA          Praça Oswaldo Cruz,127-CJ 34 - 3º ANDAR             04004070                                                            000011
1                   000902692011248461-10329                  0000000000000010329500000000002               0110329     29051400000000055000000000012N190514120000000000000180000000000000000000000000000000000000000000000100009797299805ANA PAULA PADIN                         Avenida Prof°. Vicente Caetano de Lima,9            11740000                                                            000012
1                   000902692011248461-10330                  0000000000000010330900000000002               0110330     30051400000000252000000000012N200514120000000000000840000000000000000000000000000000000000000000000216587135000135SBA Torres Brasil, Limitada             Alameda Madeira,222-15º andar                       06454010                                                            000013
1                   000902692011248461-10331                  0000000000000010331700000000002               0110331     30051400000000180000000000012N200514120000000000000600000000000000000000000000000000000000000000000260746948288620237 Banco Bradesco S.A.                 Av Comendador Sant`anna,,1154                       05866000                                                            000014
9                                                                                                                                                                                                                                                                                                                                                                                                         000015