01REMESSA01COBRANCA       00000000000004130991SISTEMA DE CARTÛRIO CERTIDıES 237BRADESCO       200514        MX0000719                                                                                                                                                                                                                                                                                     000001
1                   000902692011248461-10319                  0000000000000010319800000000002               3110319     26051400000030000000000000012N150514000000000000000000000000000000000000000000000000000000000000000100006749643906PIERRE NICCHOLAS DERNER CARNEIRO        Rua Emilio Magno Glatt, 335 Ap 202                  85615000Taxa de Franquia - Francisco Beltr„o/PR                     000002
9                                                                                                                                                                                                                                                                                                                                                                                                         000003