01REMESSA01COBRANCA       00000000000004130991SISTEMA DE CARTóRIO CERTIDõES 237BRADESCO       210114        MX0000693                                                                                                                                                                                                                                                                                     000001
1                   000902692011248461-9082                   0000000000000009082700000000002               019082      27011400000000176000000000012N170114120000000000000590000000000000000000000000000000000000000000000262232889000190Banco Daycoval S/A                      Avenida Paulista ,1793-02º Andar                    01311200                                                            000002
1                   000902692011248461-9083                   0000000000000009083500000000002               019083      27011400000000242000000000012N170114120000000000000810000000000000000000000000000000000000000000000262232889000190Banco Daycoval S/A                      Avenida Paulista ,1793-02º Andar                    01311200                                                            000003
1                   000902692011248461-9084                   0000000000000009084300000000002               019084      27011400000000446600000000012N170114120000000000001490000000000000000000000000000000000000000000000262232889000190Banco Daycoval S/A                      Avenida Paulista ,1793-02º Andar                    01311200                                                            000004
1                   000902692011248461-9085                   0000000000000009085100000000002               019085      31011400000000242000000000012N210114120000000000000810000000000000000000000000000000000000000000000262232889000190Banco Daycoval S/A                      Avenida Paulista ,1793-02º Andar                    01311200                                                            000005
1                   000902692011248461-9086                   0000000000000009086P00000000002               019086      31011400000000242000000000012N210114120000000000000810000000000000000000000000000000000000000000000262232889000190Banco Daycoval S/A                      Avenida Paulista ,1793-02º Andar                    01311200                                                            000006
1                   000902692011248461-9087                   0000000000000009087800000000002               019087      31011400000000446600000000012N210114120000000000001490000000000000000000000000000000000000000000000262232889000190Banco Daycoval S/A                      Avenida Paulista ,1793-02º Andar                    01311200                                                            000007
1                   000902692011248461-9088                   0000000000000009088600000000002               019088      31011400000000260000000000012N210114120000000000000870000000000000000000000000000000000000000000000260746948288620237 Banco Bradesco S.A.                 Av Comendador Sant`anna,,1154                       05866000                                                            000008
1                   000902692011248461-9089                   0000000000000009089400000000002               019089      31011400000000202400000000012N210114120000000000000670000000000000000000000000000000000000000000000217184037010506389 Banco Mercantil do Brasil S.A.      Avenida Paulista ,923                               01311100                                                            000009
1                   000902692011248461-8883                   0000000000000008883000000000002               068883      17011400000000094200000000012N070114000000000000010000000000000000000000000000000000000000000000000111675298000156MORANDO & MORANDO SERV TRANSCRIÇÃO DOCUMRua Tibiriçá,189                                    14010090Protesto após 5 dias                                        000010
1                   000902692011248461-9060                   0000000000000009060600000000002               069060      27011400000000056000000000012N070114120000000000010000000000000000000000000000000000000000000000000211134271000156GOLD FARB 6 EMPREENDIMENTOS IMOBILIARIOSAvenida Paulista,1374-13º e 14º andar               01310100                                                            000011
1                   000902692011248461-8498                   0000000000000008498300000000002               068498      24011400000000076000000000012N121113120000000000010000000000000000000000000000000000000000000000000216587135000135SBA Torres Brasil, Limitada             Alameda Madeira,222-15º andar                       06454010                                                            000012
1                   000902692011248461-8499                   0000000000000008499100000000002               068499      24011400000000076000000000012N121113120000000000010000000000000000000000000000000000000000000000000216587135000135SBA Torres Brasil, Limitada             Alameda Madeira,222-15º andar                       06454010                                                            000013
1                   000902692011248461-8501                   0000000000000008501700000000002               068501      24011400000000117000000000012N121113120000000000010000000000000000000000000000000000000000000000000216587135000135SBA Torres Brasil, Limitada             Alameda Madeira,222-15º andar                       06454010                                                            000014
1                   000902692011248461-8519                   0000000000000008519P00000000002               068519      24011400000003132300000000012N221113120000000000010000000000000000000000000000000000000000000000000216587135000135SBA Torres Brasil, Limitada             Alameda Madeira,222-15º andar                       06454010                                                            000015
1                   000902692011248461-8525                   0000000000000008525400000000002               068525      24011400000000376000000000012N261113120000000000010000000000000000000000000000000000000000000000000216587135000135SBA Torres Brasil, Limitada             Alameda Madeira,222-15º andar                       06454010                                                            000016
1                   000902692011248461-8528                   0000000000000008528900000000002               068528      24011400000000740720000000012N271113120000000000010000000000000000000000000000000000000000000000000216587135000135SBA Torres Brasil, Limitada             Alameda Madeira,222-15º andar                       06454010                                                            000017
1                   000902692011248461-8530                   0000000000000008530000000000002               068530      24011400000000610000000000012N281113120000000000010000000000000000000000000000000000000000000000000216587135000135SBA Torres Brasil, Limitada             Alameda Madeira,222-15º andar                       06454010                                                            000018
1                   000902692011248461-8583                   0000000000000008583100000000002               068583      24011400000001382100000000012N021213120000000000010000000000000000000000000000000000000000000000000216587135000135SBA Torres Brasil, Limitada             Alameda Madeira,222-15º andar                       06454010                                                            000019
1                   000902692011248461-8728                   0000000000000008728100000000002               068728      24011400000000564000000000012N031213120000000000010000000000000000000000000000000000000000000000000216587135000135SBA Torres Brasil, Limitada             Alameda Madeira,222-15º andar                       06454010                                                            000020
1                   000902692011248461-8773                   0000000000000008773700000000002               068773      24011400000000564000000000012N051213120000000000010000000000000000000000000000000000000000000000000216587135000135SBA Torres Brasil, Limitada             Alameda Madeira,222-15º andar                       06454010                                                            000021
1                   000902692011248461-8777                   0000000000000008777P00000000002               068777      24011400000000610000000000012N101213120000000000010000000000000000000000000000000000000000000000000216587135000135SBA Torres Brasil, Limitada             Alameda Madeira,222-15º andar                       06454010                                                            000022
1                   000902692011248461-8780                   0000000000000008780P00000000002               068780      24011400000000872810000000012N111213120000000000010000000000000000000000000000000000000000000000000216587135000135SBA Torres Brasil, Limitada             Alameda Madeira,222-15º andar                       06454010                                                            000023
1                   000902692011248461-8798                   0000000000000008798200000000002               068798      24011400000000188000000000012N131213120000000000010000000000000000000000000000000000000000000000000216587135000135SBA Torres Brasil, Limitada             Alameda Madeira,222-15º andar                       06454010                                                            000024
1                   000902692011248461-8801                   0000000000000008801600000000002               068801      24011400000000305000000000012N171213120000000000010000000000000000000000000000000000000000000000000216587135000135SBA Torres Brasil, Limitada             Alameda Madeira,222-15º andar                       06454010                                                            000025
1                   000902692011248461-8816                   0000000000000008816400000000002               068816      24011400000000188000000000012N181213120000000000010000000000000000000000000000000000000000000000000216587135000135SBA Torres Brasil, Limitada             Alameda Madeira,222-15º andar                       06454010                                                            000026
1                   000902692011248461-8822                   0000000000000008822900000000002               068822      24011400000000188000000000012N201213120000000000010000000000000000000000000000000000000000000000000216587135000135SBA Torres Brasil, Limitada             Alameda Madeira,222-15º andar                       06454010                                                            000027
1                   000902692011248461-8835                   0000000000000008835000000000002               068835      24011400000000564000000000012N271213120000000000010000000000000000000000000000000000000000000000000216587135000135SBA Torres Brasil, Limitada             Alameda Madeira,222-15º andar                       06454010                                                            000028
1                   000902692011248461-9075                   0000000000000009075400000000002               069075      21011400000002687500000000012N100114060500000000000000000000000000000000000000000000000000000000000212587280000165RTC INTERMEDIAÇÃO CARTORÁRIA LTDA - ME  Rua Montenegro,171A                                 11410040ACORDO ROYALTIES 2/3                                        000029
1                   000902692011248461-8841                   0000000000000008841500000000002               068841      27011400000000242000000000012N030114120000000000010000000000000000000000000000000000000000000000000262232889000190Banco Daycoval S/A                      Avenida Paulista ,1793-02º Andar                    01311200                                                            000030
9                                                                                                                                                                                                                                                                                                                                                                                                         000031