01REMESSA01COBRANCA       00000000000004130991SISTEMA DE CARTóRIO CERTIDõES 237BRADESCO       210314        MX0000705                                                                                                                                                                                                                                                                                     000001
1                   000902692011248461-9690                   0000000000000009690600000000002               019690      23031400000002000000000000012N130314000000000000000000000000000000000000000000000000000000000000000217197147000116POSTCAR INTERMEDIAÇÃO CARTORÁRIA LTDA   Rua Amaro Genari, 40 SL 33                          09810270                                                            000002
1                   000902692011248461-9691                   0000000000000009691400000000002               019691      24031400000000080000000000012N140314120000000000000270000000000000000000000000000000000000000000000212721508000168IBRAHIM EL TURK PLANEJADOS              Avenida Águia de Haia - até 3301/3302,13            03694000                                                            000003
1                   000902692011248461-9692                   0000000000000009692200000000002               019692      24031400000000150000000000012N140314120000000000000500000000000000000000000000000000000000000000000217184037010506389 Banco Mercantil do Brasil S.A.      Avenida Paulista ,923                               01311100                                                            000004
1                   000902692011248461-9693                   0000000000000009693000000000002               019693      24031400000000150000000000012N140314120000000000000500000000000000000000000000000000000000000000000217184037010506389 Banco Mercantil do Brasil S.A.      Avenida Paulista ,923                               01311100                                                            000005
1                   000902692011248461-9694                   0000000000000009694900000000002               019694      24031400000000226000000000012N140314120000000000000750000000000000000000000000000000000000000000000200360305400986104 Caixa Econômica Federal             Avenida Mateo Bei,1525                              03949011                                                            000006
1                   000902692011248461-9695                   0000000000000009695700000000002               019695      24031400000000362000000000012N140314120000000000001210000000000000000000000000000000000000000000000200360305267887104 Caixa Econômica Federal             Rua São Joaquim, ,69-5º andar                       01508000                                                            000007
1                   000902692011248461-9696                   0000000000000009696500000000002               019696      24031400000000296000000000012N140314120000000000000990000000000000000000000000000000000000000000000200360305267887104 Caixa Econômica Federal             Rua São Joaquim, ,69-5º andar                       01508000                                                            000008
1                   000902692011248461-9697                   0000000000000009697300000000002               019697      27031400000000226600000000012N170314120000000000000760000000000000000000000000000000000000000000000200360305025441104 Caixa Econômica Federal             RUA: Joaquim Floriano, 446,446                      04534002                                                            000009
1                   000902692011248461-9698                   0000000000000009698100000000002               019698      27031400000000645460000000012N170314120000000000002150000000000000000000000000000000000000000000000200360305400986104 Caixa Econômica Federal             Avenida Mateo Bei,1525                              03949011                                                            000010
1                   000902692011248461-9699                   0000000000000009699P00000000002               019699      27031400000000176000000000012N170314120000000000000590000000000000000000000000000000000000000000000217184037010506389 Banco Mercantil do Brasil S.A.      Avenida Paulista ,923                               01311100                                                            000011
1                   000902692011248461-9700                   0000000000000009700700000000002               019700      21031400000040000000000000012N170314000000000000000000000000000000000000000000000000000000000000000100034420061200Carla Cintia Ramos de Alencar Silva     Av Ephigenio Sales, 2240/A  apto 153                69060020Taxa de Franquia - Manaus/AM 1ª Parc.                       000012
1                   000902692011248461-9701                   0000000000000009701500000000002               019701      22041400000020000000000000012N170314000000000000000000000000000000000000000000000000000000000000000100034420061200Carla Cintia Ramos de Alencar Silva     Av Ephigenio Sales, 2240/A  apto 153                69060020Taxa de Franquia - Manaus/AM 2ª Parc.                       000013
1                   000902692011248461-9702                   0000000000000009702300000000002               019702      21051400000020000000000000012N170314000000000000000000000000000000000000000000000000000000000000000100034420061200Carla Cintia Ramos de Alencar Silva     Av Ephigenio Sales, 2240/A  apto 153                69060020Taxa de Franquia - Manaus/AM 3ª Parc.                       000014
1                   000902692011248461-9703                   0000000000000009703100000000002               019703      28031400000000188100000000012N180314120000000000000630000000000000000000000000000000000000000000000217184037010506389 Banco Mercantil do Brasil S.A.      Avenida Paulista ,923                               01311100                                                            000015
1                   000902692011248461-9704                   0000000000000009704P00000000002               019704      28031400000000330000000000012N180314120000000000001100000000000000000000000000000000000000000000000262232889000190Banco Daycoval S/A                      Avenida Paulista ,1793-02º Andar                    01311200                                                            000016
1                   000902692011248461-9705                   0000000000000009705800000000002               019705      28031400000000180000000000012N180314120000000000000600000000000000000000000000000000000000000000000253283180000122Tesheiner Cavassani e Giacomazi AdvogadoRua João Adolfo,118-Conj. 405                       01050020                                                            000017
1                   000902692011248461-9706                   0000000000000009706600000000002               019706      28031400000000592000000000012N180314120000000000001970000000000000000000000000000000000000000000000200360305025441104 Caixa Econômica Federal             Rua Joaquim Floriano, ,446                          04534002                                                            000018
1                   000902692011248461-9707                   0000000000000009707400000000002               019707      28031400000000362400000000012N180314120000000000001210000000000000000000000000000000000000000000000100017683448842LUIS MARTINS NETTO                      Rua Júlio Ribeiro,243-LOJA 224                      03010030                                                            000019
1                   000902692011248461-9708                   0000000000000009708200000000002               019708      19041400000030000000000000012N180314000000000000000000000000000000000000000000000000000000000000000100027244538839AMENOR NISHIMA DE FREITAS               Al. Nair Unger Siqueira, 955                        12086090Taxa de Franquia - Taubaté/SP 2ª Parc.                      000020
1                   000902692011248461-9709                   0000000000000009709000000000002               019709      19051400000025000000000000012N180314000000000000000000000000000000000000000000000000000000000000000100027244538839AMENOR NISHIMA DE FREITAS               Al. Nair Unger Siqueira, 955                        12086090Taxa de Franquia - Taubaté/SP 3ª Parc.                      000021
1                   000902692011248461-9710                   0000000000000009710400000000002               019710      28031400000000120000000000012N180314120000000000000400000000000000000000000000000000000000000000000253283180000122Tesheiner Cavassani e Giacomazi AdvogadoRua João Adolfo,118-Conj. 405                       01050020                                                            000022
1                   000902692011248461-9711                   0000000000000009711200000000002               019711      28031400000000110000000000012N180314120000000000000370000000000000000000000000000000000000000000000260746948288620237 Banco Bradesco S.A.                 Av Comendador Sant`anna,,1154                       05866000                                                            000023
1                   000902692011248461-9712                   0000000000000009712000000000002               019712      28031400000000360000000000012N180314120000000000001200000000000000000000000000000000000000000000000260746948288620237 Banco Bradesco S.A.                 Av Comendador Sant`anna,,1154                       05866000                                                            000024
1                   000902692011248461-9713                   0000000000000009713900000000002               019713      28031400000000560000000000012N180314120000000000001870000000000000000000000000000000000000000000000212721508000168IBRAHIM EL TURK PLANEJADOS              Avenida Águia de Haia - até 3301/3302,13            03694000                                                            000025
1                   000902692011248461-9714                   0000000000000009714700000000002               019714      29031400000000223300000000012N190314120000000000000740000000000000000000000000000000000000000000000262232889000190Banco Daycoval S/A                      Avenida Paulista ,1793-02º Andar                    01311200                                                            000026
1                   000902692011248461-9715                   0000000000000009715500000000002               019715      29031400000000646800000000012N190314120000000000002160000000000000000000000000000000000000000000000262232889000190Banco Daycoval S/A                      Avenida Paulista ,1793-02º Andar                    01311200                                                            000027
1                   000902692011248461-9716                   0000000000000009716300000000002               019716      29031400000000140000000000012N190314120000000000000470000000000000000000000000000000000000000000000200360305025441104 Caixa Econômica Federal             Rua Joaquim Floriano,446                            04534002                                                            000028
1                   000902692011248461-9717                   0000000000000009717100000000002               019717      29031400000000436400000000012N190314120000000000001450000000000000000000000000000000000000000000000200360305267887104 Caixa Econômica Federal             Rua São Joaquim,,69-5º andar                        01508000                                                            000029
1                   000902692011248461-9718                   0000000000000009718P00000000002               019718      29031400000000310400000000012N190314120000000000001030000000000000000000000000000000000000000000000200360305267887104 Caixa Econômica Federal             Rua São Joaquim,,69-5º andar                        01508000                                                            000030
1                   000902692011248461-9719                   0000000000000009719800000000002               019719      21031400000001375000000000012N200314000000000000000000000000000000000000000000000000000000000000000216935668000160FLASH DOC INTERMEDIAÇÕES CARTORARIAS    Av. Caetano Barrela, 209                            06763460Acordo de Royalties                                         000031
1                   000902692011248461-9720                   0000000000000009720100000000002               019720      31031400000000060000000000012N210314120000000000000200000000000000000000000000000000000000000000000253283180000122Tesheiner Cavassani e Giacomazi AdvogadoRua João Adolfo,118-Conj. 405                       01050020                                                            000032
1                   000902692011248461-9721                   0000000000000009721P00000000002               019721      31031400000000040000000000012N210314120000000000000130000000000000000000000000000000000000000000000253283180000122Tesheiner Cavassani e Giacomazi AdvogadoRua João Adolfo,118-Conj. 405                       01050020                                                            000033
1                   000902692011248461-9722                   0000000000000009722800000000002               019722      31031400000000040000000000012N210314120000000000000130000000000000000000000000000000000000000000000253283180000122Tesheiner Cavassani e Giacomazi AdvogadoRua João Adolfo,118-Conj. 405                       01050020                                                            000034
1                   000902692011248461-9723                   0000000000000009723600000000002               019723      23041400000015000000000000012N210314000000000000000000000000000000000000000000000000000000000000000100027209662820CARLOS EDUARDO RAYMUNDO                 Rua Sophia Pimentel de Lima, 50                     15910000Taxa de Franquia - Monte Alto/SP 2ª Parc.                   000035
1                   000902692011248461-9724                   0000000000000009724400000000002               019724      27031400000005000000000000012N210314000000000000000000000000000000000000000000000000000000000000000100086141201253Bruna Mariana Nascimento dos Santos     Rua Ajuricaba, 19 – Res. Palmeiras                  69083020Taxa de Franquia - Manaus/AM 1ª Parc.                       000036
1                   000902692011248461-9725                   0000000000000009725200000000002               019725      07041400000025000000000000012N210314000000000000000000000000000000000000000000000000000000000000000100086141201253Bruna Mariana Nascimento dos Santos     Rua Ajuricaba, 19 – Res. Palmeiras                  69083020Taxa de Franquia - Manaus/AM 2ª Parc.                       000037
1                   000902692011248461-9726                   0000000000000009726000000000002               019726      26031400000000480000000000012N210314000000000000000000000000000000000000000000000000000000000000000100028983357894Fabricio Oliveira Andrade               Rua Laurinda Fontes, 37                             45600025Referente as ordens de Serviço 282187/3 ao 6                000038
1                   000902692011248461-9400                   0000000000000009400800000000002               319400      17031400000001243760000000012N130214120000000000010000000000000000000000000000000000000000000000000210899967000100GOLD LEROS EMPREENDIMENTOS IMOBILIARIOS Avenida Paulista,1374-13º e 14º andar               01310100                                                            000039
1                   000902692011248461-8825                   0000000000000008825300000000002               028825      20021400000000375000000000012N201213060500000000000000000000000000000000000000000000000000000000000216935668000160FLASH DOC INTERMEDIAÇÕES CARTORARIAS    Av. Caetano Barrela, 209                            06763460ACORDO ROYALTIES 2/2                                        000040
9                                                                                                                                                                                                                                                                                                                                                                                                         000041