01REMESSA01COBRANCA       00000000000004130991SISTEMA DE CARTÛRIO CERTIDıES 237BRADESCO       220714        MX0000733                                                                                                                                                                                                                                                                                     000001
1                   000902692011248461-10985                  0000000000000010985400000000002               0110985     28071400000000223300000000012N180714120000000000000740000000000000000000000000000000000000000000000262232889000190Banco Daycoval S/A                      Avenida Paulista ,1793-02∫ Andar                    01311200                                                            000002
1                   000902692011248461-10986                  0000000000000010986200000000002               0110986     28071400000000188000000000012N180714120000000000000630000000000000000000000000000000000000000000000216587135000135SBA Torres Brasil, Limitada             Alameda Madeira,222-15∫ andar                       06454010                                                            000003
1                   000902692011248461-10987                  0000000000000010987000000000002               0110987     28071400000000368400000000012N180714120000000000001230000000000000000000000000000000000000000000000217184037010506389 Banco Mercantil do Brasil S.A.      Avenida Paulista ,923                               01311100                                                            000004
1                   000902692011248461-10988                  0000000000000010988900000000002               0110988     29071400000040000000000000012N210714000000000000000000000000000000000000000000000000000000000000000100008787572605LUIS PAULO MARTINS SANTANA              RUA RITA DE CASSIA TASSAR,510  13                   35300296TAXA DE FRANQUIA CARATINGA-MG                               000005
1                   000902692011248461-10079                  0000000000000010079200000000002               0210079     25061400000002034220000000012N050514120000000000010000000000000000000000000000000000000000000000000208982379000194GOLD ACRE EMPREENDIMENTOS IMOBILIARIOS SAvenida Paulista,1374-13∫ e 14∫ andar               01310100                                                            000006
9                                                                                                                                                                                                                                                                                                                                                                                                         000007