01REMESSA01COBRANCA       00000000000004130991SISTEMA DE CARTóRIO CERTIDõES 237BRADESCO       230414        MX0000710                                                                                                                                                                                                                                                                                     000001
1                   000902692011248461-10005                  0000000000000010005900000000002               0110005     26041400000000100000000000012N1604141200000000000003300000000000000000000000000000000000000000000002000000003019811 Banco do Brasil S.A.                  Avenida Santos Dumont,225                           07180270                                                            000002
1                   000902692011248461-10006                  0000000000000010006700000000002               0110006     26041400000000453000000000012N160414120000000000001510000000000000000000000000000000000000000000000216587135000135SBA Torres Brasil, Limitada             Avenida das Nações Unidas,11.857-7º Anda            04795100                                                            000003
1                   000902692011248461-10007                  0000000000000010007500000000002               0110007     26041400000000133560000000012N160414120000000000000450000000000000000000000000000000000000000000000210377191000169ACM ASSESSORIA CONTABIL LTDA            Avenida Capitão Mário Toledo de Camargo,            09170150                                                            000004
1                   000902692011248461-10008                  0000000000000010008300000000002               0110008     23041400000000100000000000012N160414000000000000000000000000000000000000000000000000000000000000000218133083000152MALTAURO BEZERRA CONSULTORIA E INTERMEDIAv. Tancredo Neves, 1485 LJ 01                      41820021Campanha Google                                             000005
1                   000902692011248461-10009                  0000000000000010009100000000002               0110009     22051400000025000000000000012N160414000000000000000000000000000000000000000000000000000000000000000100007867596747Isabele Moura de Bivar                  Rua Visconde De Santa Isabel, 161                   20560120Taxa de Franquia - Copacabana/RJ 2ª parc.                   000006
1                   000902692011248461-10010                  0000000000000010010500000000002               0110010     27041400000000060000000000012N170414120000000000000200000000000000000000000000000000000000000000000212721508000168IBRAHIM EL TURK PLANEJADOS              Avenida Águia de Haia - até 3301/3302,13            03694000                                                            000007
1                   000902692011248461-10011                  0000000000000010011300000000002               0110011     27041400000000258600000000012N170414120000000000000860000000000000000000000000000000000000000000000209016632000118TORI BY LAVITA CONFECCOES DE ROUPAS LTDARua Casimiro de Abreu ,357                          03013001                                                            000008
1                   000902692011248461-10012                  0000000000000010012100000000002               0110012     25041400000000352000000000012N170414000000000000000000000000000000000000000000000000000000000000000201701201000189HSBC BANK BRASIL S/A - BANCO MULTIPLO   TV Oliveira Bello, 34 1º andar                      80020030Referente a Ordens 246687/1 e 2                             000009
1                   000902692011248461-10013                  0000000000000010013P00000000002               0110013     25041400000020000000000000012N220414000000000000000000000000000000000000000000000000000000000000000100018812945953DANIEL CATARIN                          Rua Uruguai, 100                                    85935000Taxa de Franquia - Assis Chateaubriand/PR 1ª PARC.          000010
1                   000902692011248461-10014                  0000000000000010014800000000002               0110014     26051400000020000000000000012N220414000000000000000000000000000000000000000000000000000000000000000100018812945953DANIEL CATARIN                          Rua Uruguai, 100                                    85935000Taxa de Franquia - Assis Chateaubriand/PR 2ª PARC.          000011
1                   000902692011248461-10015                  0000000000000010015600000000002               0110015     28041400000010000000000000012N220414000000000000000000000000000000000000000000000000000000000000000100028321058825Roberta Cristina Ramirez Sader          R José Gonzaga Regina Lima, 310 Aptº 301            88102250Taxa de Franquia - São José/SC 1ª Parc.                     000012
1                   000902692011248461-10016                  0000000000000010016400000000002               0110016     28051400000010000000000000012N220414000000000000000000000000000000000000000000000000000000000000000100028321058825Roberta Cristina Ramirez Sader          R José Gonzaga Regina Lima, 310 Aptº 301            88102250Taxa de Franquia - São José/SC 2ª Parc.                     000013
1                   000902692011248461-10017                  0000000000000010017200000000002               0110017     03051400000000180000000000012N230414120000000000000600000000000000000000000000000000000000000000000260746948288620237 Banco Bradesco S.A.                 Av Comendador Sant`anna,,1154                       05866000                                                            000014
1                   000902692011248461-10018                  0000000000000010018000000000002               0110018     03051400000000235000000000012N230414120000000000000780000000000000000000000000000000000000000000000260746948288620237 Banco Bradesco S.A.                 Av Comendador Sant`anna,,1154                       05866000                                                            000015
1                   000902692011248461-10019                  0000000000000010019900000000002               0110019     03051400000000060000000000012N230414120000000000000200000000000000000000000000000000000000000000000212721508000168IBRAHIM EL TURK PLANEJADOS              Avenida Águia de Haia - até 3301/3302,13            03694000                                                            000016
1                   000902692011248461-10020                  0000000000000010020200000000002               0110020     03051400000000088560000000012N230414120000000000000300000000000000000000000000000000000000000000000210377191000169ACM ASSESSORIA CONTABIL LTDA            Avenida Capitão Mário Toledo de Camargo,            09170150                                                            000017
1                   000902692011248461-10021                  0000000000000010021000000000002               0110021     03051400000000150000000000012N230414120000000000000500000000000000000000000000000000000000000000000100017683448842LUIS MARTINS NETTO                      Rua Júlio Ribeiro,243-LOJA 224                      03010030                                                            000018
9                                                                                                                                                                                                                                                                                                                                                                                                         000019