01REMESSA01COBRANCA       00000000000004130991SISTEMA DE CARTóRIO CERTIDõES 237BRADESCO       240414        MX0000711                                                                                                                                                                                                                                                                                     000001
1                   000902692011248461-10022                  0000000000000010022900000000002               0110022     04051400000001320000000000012N240414120000000000004400000000000000000000000000000000000000000000000258809203000103BRAZILIAN COLOR INDÚSTRIA DE TINTAS E VERua Maria dos Anjos Agostinho,,228                  07251160                                                            000002
1                   000902692011248461-10023                  0000000000000010023700000000002               0110023     04051400000000060000000000012N240414120000000000000200000000000000000000000000000000000000000000000212721508000168IBRAHIM EL TURK PLANEJADOS              Avenida Águia de Haia,1359                          03694000                                                            000003
1                   000902692011248461-10024                  0000000000000010024500000000002               0110024     04051400000000188000000000012N240414120000000000000630000000000000000000000000000000000000000000000216587135000135SBA Torres Brasil, Limitada             Avenida das Nações Unidas,11.857-7º Anda            04795100                                                            000004
1                   000902692011248461-10025                  0000000000000010025300000000002               0110025     04051400000000580000000000012N240414120000000000001930000000000000000000000000000000000000000000000262232889000190Banco Daycoval S/A                      Avenida Paulista ,1793-02º Andar                    01311200                                                            000005
1                   000902692011248461-10026                  0000000000000010026100000000002               0110026     04051400000000352000000000012N240414120000000000001170000000000000000000000000000000000000000000000262232889000190Banco Daycoval S/A                      Avenida Paulista ,1793-02º Andar                    01311200                                                            000006
1                   000902692011248461-10027                  0000000000000010027P00000000002               0110027     04051400000000044280000000012N240414120000000000000150000000000000000000000000000000000000000000000210377191000169ACM ASSESSORIA CONTABIL LTDA            Avenida Capitão Mário Toledo de Camargo,            09170150                                                            000007
1                   000902692011248461-10028                  0000000000000010028800000000002               0110028     04051400000000721600000000012N240414120000000000002410000000000000000000000000000000000000000000000200360305297875104 Caixa Econômica Federal             Rua Dom José Gaspar,1194                            09370670                                                            000008
1                   000902692011248461-10029                  0000000000000010029600000000002               0110029     19051400000030000000000000012N240414000000000000000000000000000000000000000000000000000000000000000100027244538839AMENOR NISHIMA DE FREITAS               Al. Nair Unger Siqueira, 955                        12086090Taxa de Franquia - Pindamonhangaba/SP 3ª Parc.              000009
9                                                                                                                                                                                                                                                                                                                                                                                                         000010