01REMESSA01COBRANCA       00000000000004130991SISTEMA DE CARTóRIO CERTIDõES 237BRADESCO       240214        MX0000701                                                                                                                                                                                                                                                                                     000001
1                   000902692011248461-9450                   0000000000000009450400000000002               019450      25021400000016666000000000012N210214000000000000000000000000000000000000000000000000000000000000000100004451690790FRANCILENE DE OLIVEIRA VENTURELLI       Av. Min Salgado Filho 104   apto 104                28990000Taxa de Franquia - Carioca - RJ   1ª parc.                  000002
1                   000902692011248461-9451                   0000000000000009451200000000002               019451      25031400000016667000000000012N210214000000000000000000000000000000000000000000000000000000000000000100004451690790FRANCILENE DE OLIVEIRA VENTURELLI       Av. Min Salgado Filho 104   apto 104                28990000Taxa de Franquia - Carioca - RJ   2ª parc.                  000003
1                   000902692011248461-9452                   0000000000000009452000000000002               019452      25041400000016667000000000012N210214000000000000000000000000000000000000000000000000000000000000000100004451690790FRANCILENE DE OLIVEIRA VENTURELLI       Av. Min Salgado Filho 104   apto 104                28990000Taxa de Franquia - Carioca - RJ   3ª parc.                  000004
1                   000902692011248461-9453                   0000000000000009453900000000002               019453      20031400000000400000000000012N210214060500000000000000000000000000000000000000000000000000000000000215447264000165CAMPDOC INTERMEDIAÇÃO CARTORÁRIA LTDA   Av. Barão de Monte Alegre,103                       13032525ACORDO ROYALTIES 2/4                                        000005
1                   000902692011248461-9454                   0000000000000009454700000000002               019454      20041400000000300000000000012N210214060500000000000000000000000000000000000000000000000000000000000215447264000165CAMPDOC INTERMEDIAÇÃO CARTORÁRIA LTDA – Av. Barão de Monte Alegre, 103                      13032525Acordo Royalties 3/4                                        000006
1                   000902692011248461-9455                   0000000000000009455500000000002               019455      20051400000000300000000000012N210214060500000000000000000000000000000000000000000000000000000000000215447264000165CAMPDOC INTERMEDIAÇÃO CARTORÁRIA LTDA   Av. Barão de Monte Alegre ,103                      13032525Acordo Royalties                                            000007
1                   000902692011248461-8806                   0000000000000008806700000000002               068806      14021400000001000000000000012N181213060500000000000000000000000000000000000000000000000000000000000211619454000161ASSESSORIA CARTORÁRIA DO NORDESTE LTDA  Av. Conselheiro Rosa e Silva,1460                   52020220ACORDO ROYALTIES                                            000008
1                   000902692011248461-9393                   0000000000000009393100000000002               069393      03031400000000223300000000012N120214120000000000010000000000000000000000000000000000000000000000000216587135000135SBA Torres Brasil, Limitada             Alameda Madeira,222-15º andar                       06454010                                                            000009
9                                                                                                                                                                                                                                                                                                                                                                                                         000010