01REMESSA01COBRANCA       00000000000004130991SISTEMA DE CARTóRIO CERTIDõES 237BRADESCO       240114        MX0000694                                                                                                                                                                                                                                                                                     000001
1                   000902692011248461-9090                   0000000000000009090800000000002               019090      24011400000006000000000000012N230114000000000000000000000000000000000000000000000000000000000000000211163439000151RF – Serviços de Documentação Ltda.     Av. Castelo Branco, 173 A                           6507609020% taxa de subfranquia de Balsas / MA                      000002
1                   000902692011248461-9091                   0000000000000009091600000000002               019091      02021400000000330000000000012N230114120000000000001100000000000000000000000000000000000000000000000262232889000190Banco Daycoval S/A                      Avenida Paulista ,1793-02º Andar                    01311200                                                            000003
1                   000902692011248461-9092                   0000000000000009092400000000002               019092      02021400000000466400000000012N230114120000000000001550000000000000000000000000000000000000000000000262232889000190Banco Daycoval S/A                      Avenida Paulista ,1793-02º Andar                    01311200                                                            000004
1                   000902692011248461-9093                   0000000000000009093200000000002               019093      02021400000001190770000000012N230114120000000000003970000000000000000000000000000000000000000000000217184037006150389 Banco Mercantil do Brasil S.A.      Rua Amador Bueno ,43,45,47                          11013151                                                            000005
1                   000902692011248461-7720                   0000000000000007720000000000002               067720      27011400000000120000000000012N290813120000000000010000000000000000000000000000000000000000000000000212721508000168IBRAHIM EL TURK PLANEJADOS              Avenida Águia de Haia - até 3301/3302,13            03694000                                                            000006
1                   000902692011248461-7716                   0000000000000007716200000000002               067716      27011400000000480000000000012N290813120000000000010000000000000000000000000000000000000000000000000212721508000168IBRAHIM EL TURK PLANEJADOS              Avenida Águia de Haia ,1359                         03694000                                                            000007
1                   000902692011248461-7721                   0000000000000007721900000000002               067721      27011400000000080000000000012N290813120000000000010000000000000000000000000000000000000000000000000212721508000168IBRAHIM EL TURK PLANEJADOS              Avenida Águia de Haia ,1359                         03694000                                                            000008
1                   000902692011248461-7928                   0000000000000007928900000000002               067928      27011400000000420000000000012N050913120000000000010000000000000000000000000000000000000000000000000212721508000168IBRAHIM EL TURK PLANEJADOS              Avenida Águia de Haia - até 3301/3302,13            03694000                                                            000009
1                   000902692011248461-7947                   0000000000000007947500000000002               067947      27011400000000060000000000012N120913120000000000010000000000000000000000000000000000000000000000000212721508000168IBRAHIM EL TURK PLANEJADOS              Avenida Águia de Haia - até 3301/3302,13            03694000                                                            000010
1                   000902692011248461-7973                   0000000000000007973400000000002               067973      27011400000000120000000000012N180913120000000000010000000000000000000000000000000000000000000000000212721508000168IBRAHIM EL TURK PLANEJADOS              Avenida Águia de Haia - até 3301/3302,13            03694000                                                            000011
1                   000902692011248461-7719                   0000000000000007719700000000002               067719      27011400000000560000000000012N290813120000000000010000000000000000000000000000000000000000000000000212721508000168IBRAHIM EL TURK PLANEJADOS              Avenida Águia de Haia - até 3301/3302,13            03694000                                                            000012
1                   000902692011248461-7945                   0000000000000007945900000000002               067945      27011300000000120000000000012N120913120000000000010000000000000000000000000000000000000000000000000212721508000168IBRAHIM EL TURK PLANEJADOS              Avenida Águia de Haia - até 3301/3302,13            03694000                                                            000013
1                   000902692011248461-7945                   0000000000000007945900000000002               067945      27011400000000120000000000012N120913120000000000010000000000000000000000000000000000000000000000000212721508000168IBRAHIM EL TURK PLANEJADOS              Avenida Águia de Haia - até 3301/3302,13            03694000                                                            000014
1                   000902692011248461-7923                   0000000000000007923800000000002               067923      27011400000000060000000000012N050913120000000000010000000000000000000000000000000000000000000000000212721508000168IBRAHIM EL TURK PLANEJADOS              Avenida Águia de Haia - até 3301/3302,13            03694000                                                            000015
1                   000902692011248461-9064                   0000000000000009064900000000002               199064      20011400000002000000000000012N080114060500000000000000000000000000000000000000000000000000000000000217292398000180DOTTON INTERMEDIACAO CARTORARIA LTDA - MRua Senador Fláquer, 241                            09010160ACORDO ROYALTIES 1/4                                        000016
1                   000902692011248461-9064                   0000000000000009064900000000002               189064      20011400000002000000000000012N080114060500000000000000000000000000000000000000000000000000000000000217292398000180DOTTON INTERMEDIACAO CARTORARIA LTDA - MRua Senador Fláquer, 241                            09010160ACORDO ROYALTIES 1/4                                        000017
9                                                                                                                                                                                                                                                                                                                                                                                                         000018