01REMESSA01COBRANCA       00000000000004130991SISTEMA DE CARTóRIO CERTIDõES 237BRADESCO       240914        MX0000743                                                                                                                                                                                                                                                                                     000001
1                   000902692011248461-11546                  0000000000000011546300000000002               0111546     22091400000000220200000000012N120914120000000000000730000000000000000000000000000000000000000000000200360305063700104 Caixa Econômica Federal             AV: Rui Barbosa, ,281/287                           06311000                                                            000002
1                   000902692011248461-11547                  0000000000000011547100000000002               0111547     22091400000000040000000000012N120914120000000000000130000000000000000000000000000000000000000000000253283180000122Tesheiner Cavassani e Giacomazi AdvogadoRua João Adolfo,118-Conj. 405                       01050020                                                            000003
1                   000902692011248461-11548                  0000000000000011548P00000000002               0111548     22091400000000176000000000012N120914120000000000000590000000000000000000000000000000000000000000000200360305315601PAB PARANA PREVIDÊNCIA                  Av Paulista,,1842-Torre Norte // 20º and            01310923                                                            000004
1                   000902692011248461-11549                  0000000000000011549800000000002               0111549     25091400000000226000000000012N150914120000000000000750000000000000000000000000000000000000000000000200360305267887104 Caixa Econômica Federal             Rua São Joaquim ,69-5º andar                        01508001                                                            000005
1                   000902692011248461-11551                  0000000000000011551P00000000002               0111551     27091400000000130000000000012N170914120000000000000430000000000000000000000000000000000000000000000210377191000169ACM ASSESSORIA CONTABIL LTDA            Avenida Capitão Mário Toledo de Camargo,            09170150                                                            000006
1                   000902692011248461-11552                  0000000000000011552800000000002               0111552     27091400000000060000000000012N170914120000000000000200000000000000000000000000000000000000000000000212721508000168IBRAHIM EL TURK PLANEJADOS              Avenida Águia de Haia ,1359                         03694000                                                            000007
1                   000902692011248461-11553                  0000000000000011553600000000002               0111553     27091400000000270000000000012N170914120000000000000900000000000000000000000000000000000000000000000262232889000190Banco Daycoval S/A                      Avenida Paulista ,1793-02º Andar                    01311200                                                            000008
1                   000902692011248461-11554                  0000000000000011554400000000002               0111554     28091400000000330000000000012N180914120000000000001100000000000000000000000000000000000000000000000262232889000190Banco Daycoval S/A                      Avenida Paulista ,1793-02º Andar                    01311200                                                            000009
1                   000902692011248461-11555                  0000000000000011555200000000002               0111555     25091400000001250000000000012N190914000000000000000000000000000000000000000000000000000000000000000212587280000165RTC INTERMEDIAÇÃO CARTORÁRIA LTDA - ME  Rua Montenegro, 171 A                               11410040Acordo de Royalties 1º parecela                             000010
1                   000902692011248461-11556                  0000000000000011556000000000002               0111556     25101400000001250000000000012N190914000000000000000000000000000000000000000000000000000000000000000212587280000165RTC INTERMEDIAÇÃO CARTORÁRIA LTDA - ME  Rua Montenegro, 171 A                               11410040Acordo de Royalties 2º parecela                             000011
1                   000902692011248461-11557                  0000000000000011557900000000002               0111557     25111400000001250000000000012N190914000000000000000000000000000000000000000000000000000000000000000212587280000165RTC INTERMEDIAÇÃO CARTORÁRIA LTDA - ME  Rua Montenegro, 171 A                               11410040Acordo de Royalties 3º parecela                             000012
1                   000902692011248461-11558                  0000000000000011558700000000002               0111558     25121400000001250000000000012N190914000000000000000000000000000000000000000000000000000000000000000212587280000165RTC INTERMEDIAÇÃO CARTORÁRIA LTDA - ME  Rua Montenegro, 171 A                               11410040Acordo de Royalties 4º parecela                             000013
1                   000902692011248461-11559                  0000000000000011559500000000002               0111559     25091400000000500000000000012N190914000000000000000000000000000000000000000000000000000000000000000211619454000161ASSESSORIA CARTORÁRIA DO NORDESTE LTDA  Rua Antônio de Castro, 144                          52070080Acordo de Royalties 1º parecela                             000014
1                   000902692011248461-11560                  0000000000000011560900000000002               0111560     25101400000000500000000000012N190914000000000000000000000000000000000000000000000000000000000000000211619454000161ASSESSORIA CARTORÁRIA DO NORDESTE LTDA  Rua Antônio de Castro, 144                          52070080Acordo de Royalties 2º parecela                             000015
1                   000902692011248461-11561                  0000000000000011561700000000002               0111561     25111400000000500000000000012N190914000000000000000000000000000000000000000000000000000000000000000211619454000161ASSESSORIA CARTORÁRIA DO NORDESTE LTDA  Rua Antônio de Castro, 144                          52070080Acordo de Royalties 3º parecela                             000016
1                   000902692011248461-11562                  0000000000000011562500000000002               0111562     25121400000000500000000000012N190914000000000000000000000000000000000000000000000000000000000000000211619454000161ASSESSORIA CARTORÁRIA DO NORDESTE LTDA  Rua Antônio de Castro, 144                          52070080Acordo de Royalties 4º parecela                             000017
1                   000902692011248461-11563                  0000000000000011563300000000002               0111563     29091400000000886500000000012N190914120000000000002960000000000000000000000000000000000000000000000262232889000190Banco Daycoval S/A                      Avenida Paulista ,1793-02º Andar                    01311200                                                            000018
1                   000902692011248461-11564                  0000000000000011564100000000002               0111564     02101400000000452000000000012N220914120000000000001510000000000000000000000000000000000000000000000201701201000189399 HSBC Bank Brasil S.A. - Banco MultipRua Doutor Seidel,425                               05315000                                                            000019
1                   000902692011248461-11565                  0000000000000011565P00000000002               0111565     26091400000001630000000000012N220914000000000000000000000000000000000000000000000000000000000000000200000000624306BANCO DO BRASIL S/A-AG.6652-4 RUA QUINZERUA XV DE NOVEMBRO,100                              13840017Referente ao pedido  321962/1 à 8                           000020
1                   000902692011248461-11566                  0000000000000011566800000000002               0111566     02101400000000985000000000012N220914120000000000003280000000000000000000000000000000000000000000000262232889000190Banco Daycoval S/A                      Avenida Paulista ,1793-02º Andar                    01311200                                                            000021
1                   000902692011248461-11568                  0000000000000011568400000000002               0111568     03101400000000240000000000012N230914120000000000000800000000000000000000000000000000000000000000000212721508000168IBRAHIM EL TURK PLANEJADOS              Avenida Águia de Haia ,1359                         03694000                                                            000022
1                   000902692011248461-11417                  0000000000000011417300000000002               3111417     08091400000002250000000000012N010914000000000000010000000000000000000000000000000000000000000000000117013577000130RIBEIRO INTERMEDIAÇÃO CARTORÁRIA LTDA.  Av. Presidente Marques,1212                         78045008Protesto após 5 dias                                        000023
1                   000902692011248461-11417                  0000000000000011417300000000002               3111417     08091400000001500000000000012N010914000000000000010000000000000000000000000000000000000000000000000117013577000130RIBEIRO INTERMEDIAÇÃO CARTORÁRIA LTDA.  Av. Presidente Marques,1212                         78045008Protesto após 5 dias                                        000024
9                                                                                                                                                                                                                                                                                                                                                                                                         000025