01REMESSA01COBRANCA       00000000000004130991SISTEMA DE CARTóRIO CERTIDõES 237BRADESCO       241014        MX0000746                                                                                                                                                                                                                                                                                     000001
1                   000902692011248461-12253                  0000000000000012253200000000002               0112253     22101400000000215000000000012N201014000000000000000000000000000000000000000000000000000000000000000100001148920838FATIMA GARCIA DO SOUTO                  R JOAQUIM NABUCO                                    04621002328281/1                                                    000002
1                   000902692011248461-12267                  0000000000000012267200000000002               0112267     01111400000003475080000000012N221014120000000000011580000000000000000000000000000000000000000000000202105040000123CIBRASEC COMPANHIA BRASILEIRA DE SECURITAvenida Arnolfo Azevedo,139                         01236030                                                            000003
1                   000902692011248461-12255                  0000000000000012255900000000002               0112255     27101400000000053600000000012N211014000000000000000000000000000000000000000000000000000000000000000205888414000112CREAÇÕES MX FASHION LIMITADA            Rua Aimorés                                         01122010Custas Adicionais                                           000004
1                   000902692011248461-12256                  0000000000000012256700000000002               0112256     31101400000000761600000000012N211014120000000000002540000000000000000000000000000000000000000000000200360305025441104 Caixa Econômica Federal             Rua Joaquim Floriano,446                            04534002                                                            000005
1                   000902692011248461-12257                  0000000000000012257500000000002               0112257     31101400000000400000000000012N211014120000000000001330000000000000000000000000000000000000000000000200360305025441104 Caixa Econômica Federal             Rua Joaquim Floriano,446                            04534002                                                            000006
1                   000902692011248461-12258                  0000000000000012258300000000002               0112258     31101400000000176000000000012N211014120000000000000590000000000000000000000000000000000000000000000217184037010506389 Banco Mercantil do Brasil S.A.      Avenida Paulista ,923                               01311100                                                            000007
1                   000902692011248461-12259                  0000000000000012259100000000002               0112259     31101400000000176000000000012N211014120000000000000590000000000000000000000000000000000000000000000217184037010506389 Banco Mercantil do Brasil S.A.      Avenida Paulista ,923                               01311100                                                            000008
1                   000902692011248461-12260                  0000000000000012260500000000002               0112260     31101400000000176000000000012N211014120000000000000590000000000000000000000000000000000000000000000217184037010506389 Banco Mercantil do Brasil S.A.      Avenida Paulista ,923                               01311100                                                            000009
1                   000902692011248461-12261                  0000000000000012261300000000002               0112261     31101400000000975150000000012N211014120000000000003250000000000000000000000000000000000000000000000262232889000190Banco Daycoval S/A                      Avenida Paulista ,1793-02º Andar                    01311200                                                            000010
1                   000902692011248461-12263                  0000000000000012263P00000000002               0112263     31101400000000100000000000012N211014120000000000000330000000000000000000000000000000000000000000000200360305025441104 Caixa Econômica Federal             Rua Joaquim Floriano,446                            04534002                                                            000011
1                   000902692011248461-12264                  0000000000000012264800000000002               0112264     31101400000000761600000000012N211014120000000000002540000000000000000000000000000000000000000000000200360305025441104 Caixa Econômica Federal             Rua Joaquim Floriano,446                            04534002                                                            000012
1                   000902692011248461-12265                  0000000000000012265600000000002               0112265     31101400000000100000000000012N211014120000000000000330000000000000000000000000000000000000000000000200360305297875104 Caixa Econômica Federal             Rua Dom José Gaspar,1194                            09370670                                                            000013
1                   000902692011248461-12266                  0000000000000012266400000000002               0112266     31101400000000153000000000012N211014000000000000000000000000000000000000000000000000000000000000000253283180000120Tesheiner Cavassani e Giacomazi AdvogadoRua João Adolfo                                     01050020320755/1                                                    000014
1                   000902692011248461-12268                  0000000000000012268000000000002               0112268     01111400000000300000000000012N221014120000000000001000000000000000000000000000000000000000000000000200360305025441104 Caixa Econômica Federal             Rua Joaquim Floriano,446                            04534002                                                            000015
1                   000902692011248461-12269                  0000000000000012269900000000002               0112269     01111400000000200000000000012N221014120000000000000670000000000000000000000000000000000000000000000200360305025441104 Caixa Econômica Federal             Rua Joaquim Floriano,446                            04534002                                                            000016
1                   000902692011248461-12271                  0000000000000012271000000000002               0112271     01111400000000300000000000012N221014120000000000001000000000000000000000000000000000000000000000000200360305025441104 Caixa Econômica Federal             Rua Joaquim Floriano,446                            04534002                                                            000017
1                   000902692011248461-12272                  0000000000000012272900000000002               0112272     01111400000000500000000000012N221014120000000000001670000000000000000000000000000000000000000000000200360305025441104 Caixa Econômica Federal             Rua Joaquim Floriano,446                            04534002                                                            000018
1                   000902692011248461-12273                  0000000000000012273700000000002               0112273     01111400000000176000000000012N221014120000000000000590000000000000000000000000000000000000000000000217184037010506389 Banco Mercantil do Brasil S.A.      Avenida Paulista ,923                               01311100                                                            000019
1                   000902692011248461-12275                  0000000000000012275300000000002               0112275     02111400000000100000000000012N231014120000000000000330000000000000000000000000000000000000000000000200360305025441104 Caixa Econômica Federal             Rua Joaquim Floriano,446                            04534002                                                            000020
1                   000902692011248461-12276                  0000000000000012276100000000002               0112276     02111400000000250000000000012N231014120000000000000830000000000000000000000000000000000000000000000262232889000190Banco Daycoval S/A                      Avenida Paulista ,1793-02º Andar                    01311200                                                            000021
1                   000902692011248461-12277                  0000000000000012277P00000000002               0112277     02111400000000330000000000012N231014120000000000001100000000000000000000000000000000000000000000000262232889000190Banco Daycoval S/A                      Avenida Paulista ,1793-02º Andar                    01311200                                                            000022
1                   000902692011248461-12278                  0000000000000012278800000000002               0112278     02111400000000330000000000012N231014120000000000001100000000000000000000000000000000000000000000000262232889000190Banco Daycoval S/A                      Avenida Paulista ,1793-02º Andar                    01311200                                                            000023
1                   000902692011248461-12279                  0000000000000012279600000000002               0112279     03111400000000300000000000012N241014120000000000001000000000000000000000000000000000000000000000000262232889000190Banco Daycoval S/A                      Avenida Paulista ,1793-02º Andar                    01311200                                                            000024
1                   000902692011248461-12280                  0000000000000012280P00000000002               0112280     03111400000000200000000000012N241014120000000000000670000000000000000000000000000000000000000000000262232889000190Banco Daycoval S/A                      Avenida Paulista ,1793-02º Andar                    01311200                                                            000025
1                   000902692011248461-12281                  0000000000000012281800000000002               0112281     03111400000000176000000000012N241014120000000000000590000000000000000000000000000000000000000000000271731335000128Seval administração de condomínios Ltda Avenida Doutor Gentil de Moura,,287                 04278080                                                            000026
9                                                                                                                                                                                                                                                                                                                                                                                                         000027