01REMESSA01COBRANCA       00000000000004130991SISTEMA DE CARTóRIO CERTIDõES 237BRADESCO       250414        MX0000712                                                                                                                                                                                                                                                                                     000001
1                   000902692011248461-10030                  0000000000000010030P00000000002               0110030     05051400000030000000000000012N250414000000000000000000000000000000000000000000000000000000000000000100007207281692Thiago Barbosa de Macedo                Rua José Alves dos Reis, 280                        31741323Taxa de Franquia - Belo Horizonte/MG 1ª Parcela             000002
1                   000902692011248461-10031                  0000000000000010031800000000002               0110031     05061400000012000000000000012N250414000000000000000000000000000000000000000000000000000000000000000100007207281692Thiago Barbosa de Macedo                Rua José Alves dos Reis, 280                        31741323Taxa de Franquia - Belo Horizonte/MG 2ª Parcela             000003
1                   000902692011248461-10032                  0000000000000010032600000000002               0110032     05071400000012000000000000012N250414000000000000000000000000000000000000000000000000000000000000000100007207281692Thiago Barbosa de Macedo                Rua José Alves dos Reis, 280                        31741323Taxa de Franquia - Belo Horizonte/MG 3ª Parcela             000004
1                   000902692011248461-10033                  0000000000000010033400000000002               0110033     05081400000011000000000000012N250414000000000000000000000000000000000000000000000000000000000000000100007207281692Thiago Barbosa de Macedo                Rua José Alves dos Reis, 280                        31741323Taxa de Franquia - Belo Horizonte/MG 4ª Parcela             000005
1                   000902692011248461-9748                   0000000000000009748100000000002               319748      25041400000002001500000000012N010414120000000000010000000000000000000000000000000000000000000000000211444235000199GOLD FARB 38 EMPREENDIMENTOS IMOBILIARIOAvenida Paulista,1374-13º e 14º andar               01310100                                                            000006
1                   000902692011248461-9748                   0000000000000009748100000000002               319748      25041400000001971480000000012N010414120000000000010000000000000000000000000000000000000000000000000211444235000199GOLD FARB 38 EMPREENDIMENTOS IMOBILIARIOAvenida Paulista,1374-13º e 14º andar               01310100                                                            000007
9                                                                                                                                                                                                                                                                                                                                                                                                         000008