01REMESSA01COBRANCA       00000000000004130991SISTEMA DE CARTóRIO CERTIDõES 237BRADESCO       260514        MX0000720                                                                                                                                                                                                                                                                                     000001
1                   000902692011248461-10332                  0000000000000010332500000000002               0110332     30051400000000090200000000012N200514120000000000000300000000000000000000000000000000000000000000000217184037010506389 Banco Mercantil do Brasil S.A.      Avenida Paulista ,923                               01311100                                                            000002
1                   000902692011248461-10333                  0000000000000010333300000000002               0110333     30051400000000160600000000012N200514120000000000000540000000000000000000000000000000000000000000000262232889000190Banco Daycoval S/A                      Avenida Paulista ,1793-02º Andar                    01311200                                                            000003
1                   000902692011248461-10334                  0000000000000010334100000000002               0110334     30051400000000242000000000012N200514120000000000000810000000000000000000000000000000000000000000000262232889000190Banco Daycoval S/A                      Avenida Paulista ,1793-02º Andar                    01311200                                                            000004
1                   000902692011248461-10335                  0000000000000010335P00000000002               0110335     30051400000000500000000000012N200514120000000000001670000000000000000000000000000000000000000000000262232889000190Banco Daycoval S/A                      Avenida Paulista ,1793-02º Andar                    01311200                                                            000005
1                   000902692011248461-10336                  0000000000000010336800000000002               0110336     30051400000001099260000000012N200514120000000000003660000000000000000000000000000000000000000000000262232889000190Banco Daycoval S/A                      Avenida Paulista ,1793-02º Andar                    01311200                                                            000006
1                   000902692011248461-10337                  0000000000000010337600000000002               0110337     30051400000000223300000000012N200514120000000000000740000000000000000000000000000000000000000000000262232889000190Banco Daycoval S/A                      Avenida Paulista ,1793-02º Andar                    01311200                                                            000007
1                   000902692011248461-10338                  0000000000000010338400000000002               0110338     26051400000000050000000000012N200514000000000000000000000000000000000000000000000000000000000000000219289512000148P W INTERMEDIAÇÃO CARTORÁRIA LTDA       Rua Bonaire 312                                     65930000Adesão BB - Imovi COBAN                                     000008
1                   000902692011248461-10339                  0000000000000010339200000000002               0110339     26051400000000050000000000012N200514000000000000000000000000000000000000000000000000000000000000000217736384000108JANAINA FERREIRA DE TOLEDO PEREIRA      Rua Vanor Junqueira Franco, 300 FUNDOS              14701010Adesão BB - Imovi COBAN                                     000009
1                   000902692011248461-10340                  0000000000000010340600000000002               0110340     26051400000000050000000000012N200514000000000000000000000000000000000000000000000000000000000000000219450025000115SAITO & SAITO ASSESSORIA E SERVIÇOS LTDAAv. Francisco de Paula Leite 1699                   13344325Adesão BB - Imovi COBAN                                     000010
1                   000902692011248461-10341                  0000000000000010341400000000002               0110341     26051400000000050000000000012N200514000000000000000000000000000000000000000000000000000000000000000218384480000105INTERMEDIAÇÃO CARTORÁRIA INTERLAGOS LTDAAv. Nossa Senhora do Sabará, 1687                   04685004Adesão BB - Imovi COBAN                                     000011
1                   000902692011248461-10342                  0000000000000010342200000000002               0110342     26051400000000050000000000012N200514000000000000000000000000000000000000000000000000000000000000000218917837000165VALE FV - INTERMEDIACAO CARTORARIA LTDA Rua Bernardino de Campos 44 SL 26/27 1º             12308010Adesão BB - Imovi COBAN                                     000012
1                   000902692011248461-10343                  0000000000000010343000000000002               0110343     26051400000000050000000000012N200514000000000000000000000000000000000000000000000000000000000000000218465701000161SANDRA RODRIGUES DE JESUS - EIRELI - ME Rua Tito Fulgêncio 164 SL 106                       38500000Adesão BB - Imovi COBAN                                     000013
1                   000902692011248461-10344                  0000000000000010344900000000002               0110344     26051400000000050000000000012N200514000000000000000000000000000000000000000000000000000000000000000209532074000143OTTIMIZA ASSESSORIA CARTORARIA LTDA - MERua Raimundo Chaves 1584                            59064390Adesão BB - Imovi COBAN                                     000014
1                   000902692011248461-10345                  0000000000000010345700000000002               0110345     26051400000000050000000000012N200514000000000000000000000000000000000000000000000000000000000000000215803475000193PEDRO, BASTOS & JONES SERVIÇOS ASMINISTRRua Duque de Caxias, 01 SL 31                       28613060Adesão BB - Imovi COBAN                                     000015
1                   000902692011248461-10346                  0000000000000010346500000000002               0110346     26051400000000050000000000012N200514000000000000000000000000000000000000000000000000000000000000000213622593000170Moraes & Vessoni Serv. e Ass. CartorariaRua Paraná, 629                                     19900021Adesão BB - Imovi COBAN                                     000016
1                   000902692011248461-10347                  0000000000000010347300000000002               0110347     26051400000000050000000000012N200514000000000000000000000000000000000000000000000000000000000000000211253279000131ÁGAPE SERVIÇOS E INTERMEDIAÇÕES CARTORÁRR. Gov. Pedro de Toledo, 569                        13400070Adesão BB - Imovi COBAN                                     000017
1                   000902692011248461-10348                  0000000000000010348100000000002               0110348     26051400000000050000000000012N200514000000000000000000000000000000000000000000000000000000000000000219667269000154ANDRADE CONSULTORIA E INTERMEDIAÇÃO CARTAv. Dantas Barreto 1030 5ºAndar                     50020000Adesão BB - Imovi COBAN                                     000018
1                   000902692011248461-10349                  0000000000000010349P00000000002               0110349     26051400000000050000000000012N200514000000000000000000000000000000000000000000000000000000000000000218995227000180MM SERVIÇO DE INTERMEDIAÇÃO DE NEGOCIO LAv. Coumbiara 4489                                  76940000Adesão BB - Imovi COBAN                                     000019
1                   000902692011248461-10350                  0000000000000010350300000000002               0110350     26051400000000050000000000012N200514000000000000000000000000000000000000000000000000000000000000000214501933000177ROBERTO MACEDO DE ALBUQUERQUE ME        Rua Alameda Antofagasta 77 sl 301                   97050660Adesão BB - Imovi COBAN                                     000020
1                   000902692011248461-10351                  0000000000000010351100000000002               0110351     26051400000000050000000000012N200514000000000000000000000000000000000000000000000000000000000000000217292398000180DOTTON INTERMEDIACAO CARTORARIA LTDA - MRua Senador Fláquer 241 cj 09                       09010160Adesão BB - Imovi COBAN                                     000021
1                   000902692011248461-10352                  0000000000000010352P00000000002               0110352     21051400000005000000000000012N200514000000000000000000000000000000000000000000000000000000000000000100006749643069PIERRE NICCHOLAS DERNER CARNEIRO        Rua Emilio Magno Glatt, 335 Ap 202                  85615000Francisco Beltrão/PR - Cidades Marmeleiro e Renascença      000022
1                   000902692011248461-10353                  0000000000000010353800000000002               0110353     20061400000000100000000000012N210514000000000000000000000000000000000000000000000000000000000000000215696350000101Almeida Intermediação cartorária LTDA MERua José Brenha Ribeiro, 23                         18130495Acordo Royalties 2/20                                       000023
1                   000902692011248461-10354                  0000000000000010354600000000002               0110354     20071400000000100000000000012N210514000000000000000000000000000000000000000000000000000000000000000215696350000101Almeida Intermediação cartorária LTDA MERua José Brenha Ribeiro,23                          18130495ACORDO ROYALTIES 3/20                                       000024
1                   000902692011248461-10355                  0000000000000010355400000000002               0110355     20081400000000100000000000012N210514000000000000000000000000000000000000000000000000000000000000000215696350000101Almeida Intermediação cartorária LTDA MERua José Brenha Ribeiro, 23                         18130495ACORDO ROYALTIES 4/20                                       000025
1                   000902692011248461-10356                  0000000000000010356200000000002               0110356     20071400000000100000000000012N210514000000000000000000000000000000000000000000000000000000000000000215696350000101Almeida Intermediação cartorária LTDA MERua José Brenha Ribeiro, 23                         18130495ACORDO ROYALTIES 5/20                                       000026
1                   000902692011248461-10357                  0000000000000010357000000000002               0110357     20091400000000100000000000012N210514000000000000000000000000000000000000000000000000000000000000000215696350000101Almeida Intermediação cartorária LTDA MERua José Brenha Ribeiro, 23                         18130495ACORDO ROYALTIES 6/20                                       000027
1                   000902692011248461-10358                  0000000000000010358900000000002               0110358     20101400000000100000000000012N210514000000000000000000000000000000000000000000000000000000000000000215696350000101Almeida Intermediação cartorária LTDA MERua José Brenha Ribeiro, 23                         18130495ACORDO ROYALTIES 7/20                                       000028
1                   000902692011248461-10359                  0000000000000010359700000000002               0110359     20111400000000100000000000012N210514000000000000000000000000000000000000000000000000000000000000000215696350000101Almeida Intermediação cartorária LTDA MERua José Brenha Ribeiro, 23                         18130495ACORDO ROYALTIES 8/20                                       000029
1                   000902692011248461-10360                  0000000000000010360000000000002               0110360     20121400000000100000000000012N210514000000000000000000000000000000000000000000000000000000000000000215696350000101Almeida Intermediação cartorária LTDA MERua José Brenha Ribeiro,23                          18130495ACORDO ROYALTIES 9/20                                       000030
1                   000902692011248461-10361                  0000000000000010361900000000002               0110361     20011500000000100000000000012N210514000000000000000000000000000000000000000000000000000000000000000215696350000101Almeida Intermediação cartorária LTDA MERua José Brenha Ribeiro, 23                         18130495ACORDO ROYALTIES 10/20                                      000031
1                   000902692011248461-10362                  0000000000000010362700000000002               0110362     20021500000000100000000000012N210514000000000000000000000000000000000000000000000000000000000000000215696350000101Almeida Intermediação cartorária LTDA MERua José Brenha Ribeiro, 23                         18130495ACORDO ROYALTIES 11/20                                      000032
1                   000902692011248461-10363                  0000000000000010363500000000002               0110363     20031500000000100000000000012N210514000000000000000000000000000000000000000000000000000000000000000215696350000101Almeida Intermediação cartorária LTDA MERua José Brenha Ribeiro, 23                         18130495ACORDO ROYALTIES 12/20                                      000033
1                   000902692011248461-10364                  0000000000000010364300000000002               0110364     20041500000000100000000000012N210514000000000000000000000000000000000000000000000000000000000000000215696350000101Almeida Intermediação cartorária LTDA MERua José Brenha Ribeiro, 23                         18130495ACORDO ROYALTIES 13/20                                      000034
1                   000902692011248461-10365                  0000000000000010365100000000002               0110365     20051500000000100000000000012N210514000000000000000000000000000000000000000000000000000000000000000215696350000101Almeida Intermediação cartorária LTDA MERua José Brenha Ribeiro, 23                         18130495ACORDO ROYALTIES 14/20                                      000035
1                   000902692011248461-10366                  0000000000000010366P00000000002               0110366     20061500000000100000000000012N210514000000000000000000000000000000000000000000000000000000000000000215696350000101Almeida Intermediação cartorária LTDA MERua José Brenha Ribeiro, 23                         18130495ACORDO ROYALTIES 15/20                                      000036
1                   000902692011248461-10367                  0000000000000010367800000000002               0110367     20071500000000100000000000012N210514000000000000000000000000000000000000000000000000000000000000000215696350000101Almeida Intermediação cartorária LTDA MERua José Brenha Ribeiro, 23                         18130495ACORDO ROYALTIES 16/20                                      000037
1                   000902692011248461-10368                  0000000000000010368600000000002               0110368     20081500000000100000000000012N210514000000000000000000000000000000000000000000000000000000000000000215696350000101Almeida Intermediação cartorária LTDA MERua José Brenha Ribeiro, 23                         18130495ACORDO ROYALTIES 17/20                                      000038
1                   000902692011248461-10369                  0000000000000010369400000000002               0110369     20091500000000100000000000012N210514000000000000000000000000000000000000000000000000000000000000000215696350000101Almeida Intermediação cartorária LTDA MERua José Brenha Ribeiro, 23                         18130495ACORDO ROYALTIES 18/20                                      000039
1                   000902692011248461-10370                  0000000000000010370800000000002               0110370     20101500000000100000000000012N210514000000000000000000000000000000000000000000000000000000000000000215696350000101Almeida Intermediação cartorária LTDA MERua José Brenha Ribeiro, 23                         18130495ACORDO ROYALTIES 19/20                                      000040
1                   000902692011248461-10371                  0000000000000010371600000000002               0110371     20111500000000100000000000012N210514000000000000000000000000000000000000000000000000000000000000000215696350000101Almeida Intermediação cartorária LTDA MERua José Brenha Ribeiro, 23                         18130495ACORDO ROYALTIES 20/20                                      000041
1                   000902692011248461-10372                  0000000000000010372400000000002               0110372     20061400000000200000000000012N210514000000000000000000000000000000000000000000000000000000000000000217216619000130F E M INTERMEDIAÇÃO CARTORARIA LTDA ME  Av. Dom Pedro II, 135 SL 22                         37470000Negociação de Royalties                                     000042
1                   000902692011248461-10373                  0000000000000010373200000000002               0110373     20071400000000200000000000012N210514000000000000000000000000000000000000000000000000000000000000000217216619000130F E M INTERMEDIAÇÃO CARTORARIA LTDA ME  Av. Dom Pedro II, 135 SL 22                         37470000Negociação de Royalties                                     000043
1                   000902692011248461-10374                  0000000000000010374000000000002               0110374     20081400000000200000000000012N210514000000000000000000000000000000000000000000000000000000000000000217216619000130F E M INTERMEDIAÇÃO CARTORARIA LTDA ME  Av. Dom Pedro II, 135 SL 22                         37470000Negociação de Royalties                                     000044
1                   000902692011248461-10375                  0000000000000010375900000000002               0110375     20091400000000200000000000012N210514000000000000000000000000000000000000000000000000000000000000000217216619000130F E M INTERMEDIAÇÃO CARTORARIA LTDA ME  Av. Dom Pedro II, 135 SL 22                         37470000Negociação de Royalties                                     000045
1                   000902692011248461-10376                  0000000000000010376700000000002               0110376     20101400000000200000000000012N210514000000000000000000000000000000000000000000000000000000000000000217216619000130F E M INTERMEDIAÇÃO CARTORARIA LTDA ME  Av. Dom Pedro II, 135 SL 22                         37470000Negociação de Royalties                                     000046
1                   000902692011248461-10377                  0000000000000010377500000000002               0110377     20111400000000200000000000012N210514000000000000000000000000000000000000000000000000000000000000000217216619000130F E M INTERMEDIAÇÃO CARTORARIA LTDA ME  Av. Dom Pedro II, 135 SL 22                         37470000Negociação de Royalties                                     000047
1                   000902692011248461-10378                  0000000000000010378300000000002               0110378     20121400000000200000000000012N210514000000000000000000000000000000000000000000000000000000000000000217216619000130F E M INTERMEDIAÇÃO CARTORARIA LTDA ME  Av. Dom Pedro II, 135 SL 22                         37470000Negociação de Royalties                                     000048
1                   000902692011248461-10379                  0000000000000010379100000000002               0110379     20011500000000200000000000012N210514000000000000000000000000000000000000000000000000000000000000000217216619000130F E M INTERMEDIAÇÃO CARTORARIA LTDA ME  Av. Dom Pedro II, 135 SL 22                         37470000Negociação de Royalties                                     000049
1                   000902692011248461-10380                  0000000000000010380500000000002               0110380     20021500000000200000000000012N210514000000000000000000000000000000000000000000000000000000000000000217216619000130F E M INTERMEDIAÇÃO CARTORARIA LTDA ME  Av. Dom Pedro II, 135 SL 22                         37470000Negociação de Royalties                                     000050
1                   000902692011248461-10381                  0000000000000010381300000000002               0110381     20031500000000200000000000012N210514000000000000000000000000000000000000000000000000000000000000000217216619000130F E M INTERMEDIAÇÃO CARTORARIA LTDA ME  Av. Dom Pedro II, 135 SL 22                         37470000Negociação de Royalties                                     000051
1                   000902692011248461-10382                  0000000000000010382100000000002               0110382     20041500000000200000000000012N210514000000000000000000000000000000000000000000000000000000000000000217216619000130F E M INTERMEDIAÇÃO CARTORARIA LTDA ME  Av. Dom Pedro II, 135 SL 22                         37470000Negociação de Royalties                                     000052
1                   000902692011248461-10383                  0000000000000010383P00000000002               0110383     20051500000000200000000000012N210514000000000000000000000000000000000000000000000000000000000000000217216619000130F E M INTERMEDIAÇÃO CARTORARIA LTDA ME  Av. Dom Pedro II, 135 SL 22                         37470000Negociação de Royalties                                     000053
1                   000902692011248461-10384                  0000000000000010384800000000002               0110384     20061500000000200000000000012N210514000000000000000000000000000000000000000000000000000000000000000217216619000130F E M INTERMEDIAÇÃO CARTORARIA LTDA ME  Av. Dom Pedro II, 135 SL 22                         37470000Negociação de Royalties                                     000054
1                   000902692011248461-10385                  0000000000000010385600000000002               0110385     20071500000000200000000000012N210514000000000000000000000000000000000000000000000000000000000000000217216619000130F E M INTERMEDIAÇÃO CARTORARIA LTDA ME  Av. Dom Pedro II, 135 SL 22                         37470000Negociação de Royalties                                     000055
1                   000902692011248461-10386                  0000000000000010386400000000002               0110386     20081500000000200000000000012N210514000000000000000000000000000000000000000000000000000000000000000217216619000130F E M INTERMEDIAÇÃO CARTORARIA LTDA ME  Av. Dom Pedro II, 135 SL 22                         37470000Negociação de Royalties                                     000056
1                   000902692011248461-10387                  0000000000000010387200000000002               0110387     20091500000000200000000000012N210514000000000000000000000000000000000000000000000000000000000000000217216619000130F E M INTERMEDIAÇÃO CARTORARIA LTDA ME  Av. Dom Pedro II, 135 SL 22                         37470000Negociação de Royalties                                     000057
1                   000902692011248461-10388                  0000000000000010388000000000002               0110388     20101500000000200000000000012N210514000000000000000000000000000000000000000000000000000000000000000217216619000130F E M INTERMEDIAÇÃO CARTORARIA LTDA ME  Av. Dom Pedro II, 135 SL 22                         37470000Negociação de Royalties                                     000058
1                   000902692011248461-10389                  0000000000000010389900000000002               0110389     20111500000000200000000000012N210514000000000000000000000000000000000000000000000000000000000000000217216619000130F E M INTERMEDIAÇÃO CARTORARIA LTDA ME  Av. Dom Pedro II, 135 SL 22                         37470000Negociação de Royalties                                     000059
1                   000902692011248461-10390                  0000000000000010390200000000002               0110390     20121500000000200000000000012N210514000000000000000000000000000000000000000000000000000000000000000217216619000130F E M INTERMEDIAÇÃO CARTORARIA LTDA ME  Av. Dom Pedro II, 135 SL 22                         37470000Negociação de Royalties                                     000060
1                   000902692011248461-10391                  0000000000000010391000000000002               0110391     20011600000000200000000000012N210514000000000000000000000000000000000000000000000000000000000000000217216619000130F E M INTERMEDIAÇÃO CARTORARIA LTDA ME  Av. Dom Pedro II, 135 SL 22                         37470000Negociação de Royalties                                     000061
1                   000902692011248461-10392                  0000000000000010392900000000002               0110392     20021600000000200000000000012N210514000000000000000000000000000000000000000000000000000000000000000217216619000130F E M INTERMEDIAÇÃO CARTORARIA LTDA ME  Av. Dom Pedro II, 135 SL 22                         37470000Negociação de Royalties                                     000062
1                   000902692011248461-10393                  0000000000000010393700000000002               0110393     20031600000000200000000000012N210514000000000000000000000000000000000000000000000000000000000000000217216619000130F E M INTERMEDIAÇÃO CARTORARIA LTDA ME  Av. Dom Pedro II, 135 SL 22                         37470000Negociação de Royalties                                     000063
1                   000902692011248461-10401                  0000000000000010401100000000002               0110401     31051400000000227760000000012N210514120000000000000760000000000000000000000000000000000000000000000217184037010506389 Banco Mercantil do Brasil S.A.      Avenida Paulista ,923                               01311100                                                            000064
1                   000902692011248461-10400                  0000000000000010400300000000002               0110400     31051400000000200000000000012N210514120000000000000670000000000000000000000000000000000000000000000262232889000190Banco Daycoval S/A                      Avenida Paulista ,1793-02º Andar                    01311200                                                            000065
1                   000902692011248461-10399                  0000000000000010399600000000002               0110399     31051400000000484000000000012N210514120000000000001610000000000000000000000000000000000000000000000262232889000190Banco Daycoval S/A                      Avenida Paulista ,1793-02º Andar                    01311200                                                            000066
1                   000902692011248461-10398                  0000000000000010398800000000002               0110398     31051400000000188000000000012N210514120000000000000630000000000000000000000000000000000000000000000216587135000135SBA Torres Brasil, Limitada             Alameda Madeira,222-15º andar                       06454010                                                            000067
1                   000902692011248461-10402                  0000000000000010402P00000000002               0110402     01061400000000070000000000012N220514120000000000000230000000000000000000000000000000000000000000000210228172000170Entel Security Systems                  Rua Ernesto Paglia,8-KM15 ROD. RAPOSO TA            05547020                                                            000068
1                   000902692011248461-10411                  0000000000000010411900000000002               0110411     05061400000000188000000000012N260514120000000000000630000000000000000000000000000000000000000000000216587135000135SBA Torres Brasil, Limitada             Avenida das Nações Unidas,11.857-7º Anda            04795100                                                            000069
1                   000902692011248461-10404                  0000000000000010404600000000002               0110404     02061400000000360000000000012N230514120000000000001200000000000000000000000000000000000000000000000210377191000169ACM ASSESSORIA CONTABIL LTDA            Avenida Capitão Mário Toledo de Camargo,            09170150                                                            000070
1                   000902692011248461-10405                  0000000000000010405400000000002               0110405     02061400000000223000000000012N230514120000000000000740000000000000000000000000000000000000000000000262232889000190Banco Daycoval S/A                      Avenida Paulista ,1793-02º Andar                    01311200                                                            000071
1                   000902692011248461-10406                  0000000000000010406200000000002               0110406     02061400000001000000000000012N230514120000000000003330000000000000000000000000000000000000000000000262232889000190Banco Daycoval S/A                      Avenida Paulista ,1793-02º Andar                    01311200                                                            000072
1                   000902692011248461-10407                  0000000000000010407000000000002               0110407     02061400000000242000000000012N230514120000000000000810000000000000000000000000000000000000000000000262232889000190Banco Daycoval S/A                      Avenida Paulista ,1793-02º Andar                    01311200                                                            000073
1                   000902692011248461-10408                  0000000000000010408900000000002               0110408     02061400000000748700000000012N230514120000000000002500000000000000000000000000000000000000000000000262232889000190Banco Daycoval S/A                      Avenida Paulista ,1793-02º Andar                    01311200                                                            000074
1                   000902692011248461-10409                  0000000000000010409700000000002               0110409     30051400000011500000000000012N260514000000000000000000000000000000000000000000000000000000000000000100025555140827VILSON COSTA JUNIOR                     Alameda dos Golfinhos, 250                          11600000Taxa de Franquia - Caraguatatuba/SP                         000075
1                   000902692011248461-10410                  0000000000000010410000000000002               0110410     05061400000000122000000000012N260514120000000000000410000000000000000000000000000000000000000000000262232889000190Banco Daycoval S/A                      Avenida Paulista ,1793-02º Andar                    01311200                                                            000076
1                   000902692011248461-10412                  0000000000000010412700000000002               0110412     05061400000000188000000000012N260514120000000000000630000000000000000000000000000000000000000000000216587135000135SBA Torres Brasil, Limitada             Alameda Madeira,222-15º andar                       06454010                                                            000077
1                   000902692011248461-10413                  0000000000000010413500000000002               0110413     05061400000000210600000000012N260514120000000000000700000000000000000000000000000000000000000000000200360305267887104 Caixa Econômica Federal             Rua São Joaquim ,69-5º andar                        01508001                                                            000078
1                   000902692011248461-10214                  0000000000000010214000000000002               0610214     22051400000000400000000000012N060514000000000000010000000000000000000000000000000000000000000000000116456499000267FILADELFIA CARTORÁRIOS E DOCUMENTAIS    Rua Antônio Teles de Menezes,41-SL 407              25520630Protesto após 5 dias                                        000079
9                                                                                                                                                                                                                                                                                                                                                                                                         000080