01REMESSA01COBRANCA       00000000000004130991SISTEMA DE CARTóRIO CERTIDõES 237BRADESCO       280314        MX0000706                                                                                                                                                                                                                                                                                     000001
1                   000902692011248461-9727                   0000000000000009727900000000002               019727      03041400000000420000000000012N240314120000000000001400000000000000000000000000000000000000000000000212721508000168IBRAHIM EL TURK PLANEJADOS              Avenida Águia de Haia - até 3301/3302,13            03694000                                                            000002
1                   000902692011248461-9728                   0000000000000009728700000000002               019728      03041400000000115000000000012N240314120000000000000380000000000000000000000000000000000000000000000253283180000122Tesheiner Cavassani e Giacomazi AdvogadoRua João Adolfo,118-Conj. 405                       01050020                                                            000003
1                   000902692011248461-9729                   0000000000000009729500000000002               019729      03041400000000164450000000012N240314120000000000000550000000000000000000000000000000000000000000000253283180000122Tesheiner Cavassani e Giacomazi AdvogadoRua João Adolfo,118-Conj. 405                       01050020                                                            000004
1                   000902692011248461-9730                   0000000000000009730900000000002               019730      03041400000000270000000000012N240314120000000000000900000000000000000000000000000000000000000000000262232889000190Banco Daycoval S/A                      Avenida Paulista ,1793-02º Andar                    01311200                                                            000005
1                   000902692011248461-9731                   0000000000000009731700000000002               019731      03041400000000572900000000012N240314120000000000001910000000000000000000000000000000000000000000000217184037010506389 Banco Mercantil do Brasil S.A.      Avenida Paulista ,923                               01311100                                                            000006
1                   000902692011248461-9732                   0000000000000009732500000000002               019732      05041400000000130000000000012N260314120000000000000430000000000000000000000000000000000000000000000216587135000135SBA Torres Brasil, Limitada             Avenida das Nações Unidas,11.857-7º Anda            04795100                                                            000007
1                   000902692011248461-9733                   0000000000000009733300000000002               019733      05041400000000323400000000012N260314120000000000001080000000000000000000000000000000000000000000000262232889000190Banco Daycoval S/A                      Avenida Paulista ,1793-02º Andar                    01311200                                                            000008
1                   000902692011248461-9734                   0000000000000009734100000000002               019734      05041400000000330000000000012N260314120000000000001100000000000000000000000000000000000000000000000262232889000190Banco Daycoval S/A                      Avenida Paulista ,1793-02º Andar                    01311200                                                            000009
1                   000902692011248461-9735                   0000000000000009735P00000000002               019735      14041400000000528000000000012N260314000000000000000000000000000000000000000000000000000000000000000203401199000158ROMANO E CONCEIÇÃO ADVOGADOS ASSOCIADOS PRAÇA PADRE MANUEL DA NÓBREGA, 21, CJ 61            01015010                                                            000010
1                   000902692011248461-9736                   0000000000000009736800000000002               019736      28031400000020000000000000012N260314000000000000000000000000000000000000000000000000000000000000000100000473047152Sara de Moraes Gallo                    Av. Belo Horizonte, Q. 02  L. 38                    75104230Taxa de Franquia - Anápolis/GO 1ª Parc.                     000011
1                   000902692011248461-9737                   0000000000000009737600000000002               019737      28041400000020000000000000012N260314000000000000000000000000000000000000000000000000000000000000000100000473047152Sara de Moraes Gallo                    Av. Belo Horizonte, Q. 02  L. 38                    75104230Taxa de Franquia - Anápolis/GO 2ª Parc.                     000012
1                   000902692011248461-9738                   0000000000000009738400000000002               019738      06041400000000653400000000012N270314120000000000002180000000000000000000000000000000000000000000000262232889000190Banco Daycoval S/A                      Avenida Paulista ,1793-02º Andar                    01311200                                                            000013
1                   000902692011248461-9739                   0000000000000009739200000000002               019739      06041400000000323400000000012N270314120000000000001080000000000000000000000000000000000000000000000262232889000190Banco Daycoval S/A                      Avenida Paulista ,1793-02º Andar                    01311200                                                            000014
1                   000902692011248461-9476                   0000000000000009476800000000002               319476      25031400000001517880000000012N060314120000000000010000000000000000000000000000000000000000000000000207273982000134PEREIRA BARRETO EMPREENDIMENTOS IMOBILIAAvenida Paulista,1374-13º e 14º andar               01310100                                                            000015
1                   000902692011248461-9724                   0000000000000009724400000000002               029724      27031400000005000000000000012N210314000000000000000000000000000000000000000000000000000000000000000100086141201253Bruna Mariana Nascimento dos Santos     Rua Ajuricaba, 19 – Res. Palmeiras                  69083020Taxa de Franquia - Manaus/AM 1ª Parc.                       000016
1                   000902692011248461-9725                   0000000000000009725200000000002               029725      07041400000025000000000000012N210314000000000000000000000000000000000000000000000000000000000000000100086141201253Bruna Mariana Nascimento dos Santos     Rua Ajuricaba, 19 – Res. Palmeiras                  69083020Taxa de Franquia - Manaus/AM 2ª Parc.                       000017
1                   000902692011248461-9700                   0000000000000009700700000000002               029700      21031400000040000000000000012N170314000000000000000000000000000000000000000000000000000000000000000100034420061200Carla Cintia Ramos de Alencar Silva     Av Ephigenio Sales, 2240/A  apto 153                69060020Taxa de Franquia - Manaus/AM 1ª Parc.                       000018
1                   000902692011248461-9482                   0000000000000009482200000000002               069482      25031400000000093000000000012N060314120000000000010000000000000000000000000000000000000000000000000209185024000137GOLD IRLANDA EMPREENDIMENTOS IMOBILIARIOAvenida Paulista,1374-13º e 14º andar               01310100                                                            000019
1                   000902692011248461-9482                   0000000000000009482200000000002               319482      25031400000000093000000000012N060314120000000000010000000000000000000000000000000000000000000000000209185024000137GOLD IRLANDA EMPREENDIMENTOS IMOBILIARIOAvenida Paulista,1374-13º e 14º andar               01310100                                                            000020
1                   000902692011248461-9682                   0000000000000009682500000000002               069682      28031400000000413900000000012N100314120000000000010000000000000000000000000000000000000000000000000216587135000135SBA Torres Brasil, Limitada             Alameda Madeira,222-15º andar                       06454010                                                            000021
9                                                                                                                                                                                                                                                                                                                                                                                                         000022