01REMESSA01COBRANCA       00000000000004130991SISTEMA DE CARTóRIO CERTIDõES 237BRADESCO       280214        MX0000702                                                                                                                                                                                                                                                                                     000001
1                   000902692011248461-9456                   0000000000000009456300000000002               019456      06031400000000099000000000012N240214120000000000000330000000000000000000000000000000000000000000000210377191000169ACM ASSESSORIA CONTABIL LTDA            Avenida Capitão Mário Toledo de Camargo,            09170150                                                            000002
1                   000902692011248461-9457                   0000000000000009457100000000002               019457      06031400000000326700000000012N240214120000000000001090000000000000000000000000000000000000000000000262232889000190Banco Daycoval S/A                      Avenida Paulista ,1793-02º Andar                    01311200                                                            000003
1                   000902692011248461-9458                   0000000000000009458P00000000002               019458      06031400000000653400000000012N240214120000000000002180000000000000000000000000000000000000000000000262232889000190Banco Daycoval S/A                      Avenida Paulista ,1793-02º Andar                    01311200                                                            000004
1                   000902692011248461-9459                   0000000000000009459800000000002               019459      06031400000001287200000000012N240214120000000000004290000000000000000000000000000000000000000000000262232889000190Banco Daycoval S/A                      Avenida Paulista ,1793-02º Andar                    01311200                                                            000005
1                   000902692011248461-9460                   0000000000000009460100000000002               019460      07031400000000223300000000012N250214120000000000000740000000000000000000000000000000000000000000000262232889000190Banco Daycoval S/A                      Avenida Paulista ,1793-02º Andar                    01311200                                                            000006
1                   000902692011248461-9461                   0000000000000009461P00000000002               019461      07031400000000484000000000012N250214120000000000001610000000000000000000000000000000000000000000000262232889000190Banco Daycoval S/A                      Avenida Paulista ,1793-02º Andar                    01311200                                                            000007
1                   000902692011248461-9462                   0000000000000009462800000000002               019462      07031400000000223300000000012N250214120000000000000740000000000000000000000000000000000000000000000262232889000190Banco Daycoval S/A                      Avenida Paulista ,1793-02º Andar                    01311200                                                            000008
1                   000902692011248461-9463                   0000000000000009463600000000002               019463      07031400000001436720000000012N250214120000000000004790000000000000000000000000000000000000000000000262232889000190Banco Daycoval S/A                      Avenida Paulista ,1793-02º Andar                    01311200                                                            000009
1                   000902692011248461-9464                   0000000000000009464400000000002               019464      07031400000000050000000000012N250214120000000000000170000000000000000000000000000000000000000000000200360305296046104 Caixa Econômica Federal             Avenida Presidente Kennedy ,83                      09913000                                                            000010
1                   000902692011248461-9465                   0000000000000009465200000000002               019465      07031400000000050000000000012N250214120000000000000170000000000000000000000000000000000000000000000200360305296046104 Caixa Econômica Federal             Avenida Presidente Kennedy ,83                      09913000                                                            000011
1                   000902692011248461-9466                   0000000000000009466000000000002               019466      26021400000001000000000000012N250214000000000000000000000000000000000000000000000000000000000000000217206713000109FABIO TOMAZ CARDOSO - ME                Rua Primeiro de Maio, 202 SL 507                    09015030                                                            000012
1                   000902692011248461-9467                   0000000000000009467900000000002               019467      07031400000000180000000000012N250214120000000000000600000000000000000000000000000000000000000000000212721508000168IBRAHIM EL TURK PLANEJADOS              Avenida Águia de Haia - até 3301/3302,13            03694000                                                            000013
1                   000902692011248461-9468                   0000000000000009468700000000002               019468      07031400000000060000000000012N250214120000000000000200000000000000000000000000000000000000000000000201701201034830399 HSBC Bank Brasil S.A. - Banco MultipRua Paula Sousa,315                                 01027001                                                            000014
1                   000902692011248461-9469                   0000000000000009469500000000002               019469      08031400000000326700000000012N260214120000000000001090000000000000000000000000000000000000000000000262232889000190Banco Daycoval S/A                      Avenida Paulista ,1793-02º Andar                    01311200                                                            000015
1                   000902692011248461-9470                   0000000000000009470900000000002               019470      08031400000000734610000000012N260214120000000000002450000000000000000000000000000000000000000000000262232889000190Banco Daycoval S/A                      Avenida Paulista ,1793-02º Andar                    01311200                                                            000016
1                   000902692011248461-9471                   0000000000000009471700000000002               019471      09031400000000080000000000012N270214120000000000000270000000000000000000000000000000000000000000000212721508000168IBRAHIM EL TURK PLANEJADOS              Avenida Águia de Haia - até 3301/3302,13            03694000                                                            000017
1                   000902692011248461-9472                   0000000000000009472500000000002               019472      09031400000000100000000000012N270214120000000000000330000000000000000000000000000000000000000000000253283180000122Tesheiner Cavassani e Giacomazi AdvogadoRua João Adolfo,118-Conj. 405                       01050020                                                            000018
1                   000902692011248461-9473                   0000000000000009473300000000002               019473      09031400000000306000000000012N270214120000000000001020000000000000000000000000000000000000000000000200360305024127104 Caixa Econômica Federal             Largo São José do Belém,160/162                     03057040                                                            000019
1                   000902692011248461-9042                   0000000000000009042800000000002               029042      20021400000001000000000000012N070114060500000000000000000000000000000000000000000000000000000000000211479061000108ANDRADE SOARES LOPES LTDA               Rua Lehar David,05                                  45000445ACORDO ROYALTIES 3/18                                       000020
1                   000902692011248461-9042                   0000000000000009042800000000002               189042      20021400000001000000000000012N070114060500000000000000000000000000000000000000000000000000000000000211479061000108ANDRADE SOARES LOPES LTDA               Rua Lehar David,05                                  45000445ACORDO ROYALTIES 3/18                                       000021
1                   000902692011248461-9446                   0000000000000009446600000000002               029446      24021400000012000000000000012N200214000000000000000000000000000000000000000000000000000000000000000100008987200876Alfredo Queiroz Junior                  Rua dom João Maria Ogno 426 casa 10                 03530050Taxa de Franquia - Penha/SP 1ª parc.                        000022
1                   000902692011248461-9433                   0000000000000009433400000000002               319433      28021400000005000000000000012N180214120000000000010000000000000000000000000000000000000000000000000260911864000197Comax Assessoria Empresarial Ltda.      Rua São Bento,365-12º andar                         01011100                                                            000023
1                   000902692011248461-9432                   0000000000000009432600000000002               319432      28021400000002080000000000012N180214000000000000000000000000000000000000000000000000000000000000000260911864000197Comax Assessoria Empresarial Ltda.      Rua São Bento, 365 12º ANDAR                        01011100Custas adicionais ordem 277837/1 á 36                       000024
1                   000902692011248461-9432                   0000000000000009432600000000002               069432      28021400000000720000000000012N180214000000000000000000000000000000000000000000000000000000000000000260911864000197Comax Assessoria Empresarial Ltda.      Rua São Bento, 365 12º ANDAR                        01011100Custas adicionais ordem 277837/1 á 36                       000025
1                   000902692011248461-9432                   0000000000000009432600000000002               319432      28021400000000720000000000012N180214000000000000000000000000000000000000000000000000000000000000000260911864000197Comax Assessoria Empresarial Ltda.      Rua São Bento, 365 12º ANDAR                        01011100Custas adicionais ordem 277837/1 á 36                       000026
1                   000902692011248461-9433                   0000000000000009433400000000002               319433      28021400000005968860000000012N180214120000000000010000000000000000000000000000000000000000000000000260911864000197Comax Assessoria Empresarial Ltda.      Rua São Bento,365-12º andar                         01011100                                                            000027
1                   000902692011248461-9357                   0000000000000009357500000000002               069357      25021400000000050600000000012N070214120000000000010000000000000000000000000000000000000000000000000200360305296046104 Caixa Econômica Federal             Avenida Presidente Kennedy ,83                      09913000                                                            000028
1                   000902692011248461-9348                   0000000000000009348600000000002               319348      28021400000000176000000000012N060214120000000000010000000000000000000000000000000000000000000000000262232889000190Banco Daycoval S/A                      Avenida Paulista ,1793-02º Andar                    01311200                                                            000029
1                   000902692011248461-9348                   0000000000000009348600000000002               069348      28021400000000176000000000012N060214120000000000010000000000000000000000000000000000000000000000000262232889000190Banco Daycoval S/A                      Avenida Paulista ,1793-02º Andar                    01311200                                                            000030
1                   000902692011248461-9450                   0000000000000009450400000000002               029450      25021400000016666000000000012N210214000000000000000000000000000000000000000000000000000000000000000100004451690790FRANCILENE DE OLIVEIRA VENTURELLI       Av. Min Salgado Filho 104   apto 104                28990000Taxa de Franquia - Carioca - RJ   1ª parc.                  000031
9                                                                                                                                                                                                                                                                                                                                                                                                         000032