01REMESSA01COBRANCA       00000000000004130991SISTEMA DE CARTóRIO CERTIDõES 237BRADESCO       290514        MX0000721                                                                                                                                                                                                                                                                                     000001
1                   000902692011248461-10414                  0000000000000010414300000000002               0110414     06061400000000440000000000012N270514120000000000001470000000000000000000000000000000000000000000000262232889000190Banco Daycoval S/A                      Avenida Paulista ,1793-02º Andar                    01311200                                                            000002
1                   000902692011248461-10415                  0000000000000010415100000000002               0110415     06061400000000391600000000012N270514120000000000001310000000000000000000000000000000000000000000000262232889000190Banco Daycoval S/A                      Avenida Paulista ,1793-02º Andar                    01311200                                                            000003
1                   000902692011248461-10416                  0000000000000010416P00000000002               0110416     07061400000000660000000000012N280514120000000000002200000000000000000000000000000000000000000000000200360305413530104 Caixa Econômica Federal             Avenida Guarapiranga,291A                           04762000                                                            000004
1                   000902692011248461-10417                  0000000000000010417800000000002               0110417     07061400000000220000000000012N280514120000000000000730000000000000000000000000000000000000000000000200360305413530104 Caixa Econômica Federal             Avenida Guarapiranga,291A                           04762000                                                            000005
1                   000902692011248461-10418                  0000000000000010418600000000002               0110418     07061400000000629000000000012N280514120000000000002100000000000000000000000000000000000000000000000200360305413530104 Caixa Econômica Federal             Avenida Guarapiranga,291A                           04762000                                                            000006
1                   000902692011248461-10419                  0000000000000010419400000000002               0110419     07061400000000100000000000012N280514120000000000000330000000000000000000000000000000000000000000000200360305063700104 Caixa Econômica Federal             AV: Rui Barbosa,281/287                             06311000                                                            000007
1                   000902692011248461-10420                  0000000000000010420800000000002               0110420     07061400000000260000000000012N280514120000000000000870000000000000000000000000000000000000000000000262232889000190Banco Daycoval S/A                      Avenida Paulista ,1793-02º Andar                    01311200                                                            000008
1                   000902692011248461-10421                  0000000000000010421600000000002               0110421     07061400000001122900000000012N280514120000000000003740000000000000000000000000000000000000000000000217184037010506389 Banco Mercantil do Brasil S.A.      Avenida Paulista ,923                               01311100                                                            000009
1                   000902692011248461-10422                  0000000000000010422400000000002               0110422     07061400000000600000000000012N280514120000000000002000000000000000000000000000000000000000000000000217184037010506389 Banco Mercantil do Brasil S.A.      Avenida Paulista ,923                               01311100                                                            000010
1                   000902692011248461-10423                  0000000000000010423200000000002               0110423     08061400000000088000000000012N290514120000000000000290000000000000000000000000000000000000000000000216587135000135SBA Torres Brasil, Limitada             Avenida das Nações Unidas,11.857-7º Anda            04795100                                                            000011
1                   000902692011248461-10424                  0000000000000010424000000000002               0110424     08061400000000306000000000012N290514120000000000001020000000000000000000000000000000000000000000000200360305413964104 Caixa Econômica Federal             Avenida das Nações Unidas ,22540                    04795000                                                            000012
1                   000902692011248461-10425                  0000000000000010425900000000002               0110425     10071400000005000000000000012N290514000000000000000000000000000000000000000000000000000000000000000100095699473572MARCOS SILVA DOS SANTOS NOVAES          AV. FRUTUOSO CERQUEIRA, 492                         45360000Taxa de Franquia - Maracás/BA 2ª Parc.                      000013
1                   000902692011248461-10426                  0000000000000010426700000000002               0110426     10081400000005000000000000012N290514000000000000000000000000000000000000000000000000000000000000000100095699473572MARCOS SILVA DOS SANTOS NOVAES          AV. FRUTUOSO CERQUEIRA, 492                         45360000Taxa de Franquia - Maracás/BA 3ª Parc.                      000014
1                   000902692011248461-10427                  0000000000000010427500000000002               0110427     10091400000015000000000000012N290514000000000000000000000000000000000000000000000000000000000000000100095699473572MARCOS SILVA DOS SANTOS NOVAES          AV. FRUTUOSO CERQUEIRA, 492                         45360000Taxa de Franquia - Maracás/BA 4ª Parc.                      000015
1                   000902692011248461-10428                  0000000000000010428300000000002               0110428     15061400000010000000000000012N290514000000000000000000000000000000000000000000000000000000000000000100082474699104FABIANE NUNES CINTRA                    Av. Municipal, 1779 A                               78250000Taxa de Franquia - Cáceres/MT 1ª Parc.                      000016
1                   000902692011248461-10429                  0000000000000010429100000000002               0110429     15071400000010000000000000012N290514000000000000000000000000000000000000000000000000000000000000000100082474699104FABIANE NUNES CINTRA                    Av. Municipal, 1779 A                               78250000Taxa de Franquia - Cáceres/MT 2ª Parc.                      000017
1                   000902692011248461-10430                  0000000000000010430500000000002               0110430     15081400000010000000000000012N290514000000000000000000000000000000000000000000000000000000000000000100082474699104FABIANE NUNES CINTRA                    Av. Municipal, 1779 A                               78250000Taxa de Franquia - Cáceres/MT 3ª Parc.                      000018
1                   000902692011248461-10431                  0000000000000010431300000000002               0110431     15091400000010000000000000012N290514000000000000000000000000000000000000000000000000000000000000000100082474699104FABIANE NUNES CINTRA                    Av. Municipal, 1779 A                               78250000Taxa de Franquia - Cáceres/MT 4ª Parc.                      000019
9                                                                                                                                                                                                                                                                                                                                                                                                         000020