01REMESSA01COBRANCA       00000000000004130991SISTEMA DE CARTóRIO CERTIDõES 237BRADESCO       290414        MX0000713                                                                                                                                                                                                                                                                                     000001
1                   000902692011248461-10034                  0000000000000010034200000000002               0110034     08051400000000810000000000012N280414120000000000002700000000000000000000000000000000000000000000000262232889000190Banco Daycoval S/A                      Avenida Paulista ,1793-02º Andar                    01311200                                                            000002
1                   000902692011248461-10035                  0000000000000010035000000000002               0110035     08051400000000452000000000012N280414120000000000001510000000000000000000000000000000000000000000000200360305025441104 Caixa Econômica Federal             Rua Joaquim Floriano,446                            04534002                                                            000003
1                   000902692011248461-10036                  0000000000000010036900000000002               0110036     02051400000001046670000000012N280414000000000000003490000000000000000000000000000000000000000000000201701201000189399 HSBC Bank Brasil S.A. - Banco MultipRua Doutor Seidel,425                               05315000                                                            000004
1                   000902692011248461-10037                  0000000000000010037700000000002               0110037     08051400000000600000000000012N280414120000000000002000000000000000000000000000000000000000000000000200360305025018CAIXA ECONOMICA FEDERAL                 Avenida Tiradentes ,1624                            07113001                                                            000005
1                   000902692011248461-10038                  0000000000000010038500000000002               0110038     09051400000001879500000000012N290414120000000000006270000000000000000000000000000000000000000000000253283180000122Tesheiner Cavassani e Giacomazi AdvogadoRua João Adolfo,118-Conj. 405                       01050020                                                            000006
1                   000902692011248461-10039                  0000000000000010039300000000002               0110039     09051400000000060000000000012N290414120000000000000200000000000000000000000000000000000000000000000212721508000168IBRAHIM EL TURK PLANEJADOS              Avenida Águia de Haia,1359                          03694000                                                            000007
1                   000902692011248461-10040                  0000000000000010040700000000002               0110040     09051400000000120000000000012N290414120000000000000400000000000000000000000000000000000000000000000201190978000126ITALIA COMERCIAL TEXTIL LTDA ME         Rua Barão de Itapetininga ,298-04º Andar            01042001                                                            000008
1                   000902692011248461-10041                  0000000000000010041500000000002               0110041     09051400000000180000000000012N290414120000000000000600000000000000000000000000000000000000000000000260746948224061237 Banco Bradesco S.A.                 Estrada do M´Boi Mirim,553                          04905020                                                            000009
1                   000902692011248461-10042                  0000000000000010042300000000002               0110042     09051400000000607200000000012N290414120000000000002020000000000000000000000000000000000000000000000208733303000125RESERVA CAMPESTRE EMPREENDIMENTOS IMOBILRua Frei Caneca - ,1407-CJ 818                      01307003                                                            000010
1                   000902692011248461-10043                  0000000000000010043100000000002               0110043     09051400000000189000000000012N290414120000000000000630000000000000000000000000000000000000000000000251181287000134Extinpaul Equipamentos Contra Incêndio LRua Campista,88                                     02314080                                                            000011
1                   000902692011248461-10044                  0000000000000010044P00000000002               0110044     09051400000000120000000000012N290414120000000000000400000000000000000000000000000000000000000000000260746948288620237 Banco Bradesco S.A.                 Av Comendador Sant`anna,,1154                       05866000                                                            000012
1                   000902692011248461-10045                  0000000000000010045800000000002               0110045     16061400000025000000000000012N290414000000000000000000000000000000000000000000000000000000000000000100015042537104Sérgio José Lopes                       SQS 207 Bloco 306 ASA SUL                           70253060Taxa de Franquia - Brasília/DF Parc. 02                     000013
1                   000902692011248461-10046                  0000000000000010046600000000002               0110046     28071400000025000000000000012N290414000000000000000000000000000000000000000000000000000000000000000100015042537104Sérgio José Lopes                       SQS 207 Bloco 306 ASA SUL                           70253060Taxa de Franquia - Brasília/DF Parc. 03                     000014
1                   000902692011248461-10006                  0000000000000010006700000000002               0610006     29041400000000453000000000012N160414120000000000010000000000000000000000000000000000000000000000000216587135000135SBA Torres Brasil, Limitada             Avenida das Nações Unidas,11.857-7º Anda            04795100                                                            000015
1                   000902692011248461-9993                   0000000000000009993P00000000002               069993      05051400000001971480000000012N100414120000000000010000000000000000000000000000000000000000000000000253283180000122Tesheiner Cavassani e Giacomazi AdvogadoRua João Adolfo,118-Conj. 405                       01050020                                                            000016
9                                                                                                                                                                                                                                                                                                                                                                                                         000017