01REMESSA01COBRANCA       00000000000004130991SISTEMA DE CARTóRIO CERTIDõES 237BRADESCO       290114        MX0000695                                                                                                                                                                                                                                                                                     000001
1                   000902692011248461-9094                   0000000000000009094000000000002               019094      06021400000000433000000000012N270114120000000000001440000000000000000000000000000000000000000000000265514291000181GIGI DE ARRUDA BOTELHO LTDA. ME         Rua Mário Máglio,207                                05530050                                                            000002
1                   000902692011248461-9095                   0000000000000009095900000000002               019095      06021400000000176000000000012N270114120000000000000590000000000000000000000000000000000000000000000262232889000190Banco Daycoval S/A                      Avenida Paulista ,1793-02º Andar                    01311200                                                            000003
1                   000902692011248461-9096                   0000000000000009096700000000002               019096      07021400000000030000000000012N280114120000000000000100000000000000000000000000000000000000000000000253283180000122Tesheiner Cavassani e Giacomazi AdvogadoRua João Adolfo,118-Conj. 405                       01050020                                                            000004
1                   000902692011248461-9097                   0000000000000009097500000000002               019097      07021400000000030000000000012N280114120000000000000100000000000000000000000000000000000000000000000253283180000122Tesheiner Cavassani e Giacomazi AdvogadoRua João Adolfo,118-Conj. 405                       01050020                                                            000005
1                   000902692011248461-9098                   0000000000000009098300000000002               019098      07021400000000030000000000012N280114120000000000000100000000000000000000000000000000000000000000000253283180000122Tesheiner Cavassani e Giacomazi AdvogadoRua João Adolfo,118-Conj. 405                       01050020                                                            000006
1                   000902692011248461-9099                   0000000000000009099100000000002               019099      07021400000000132840000000012N280114120000000000000440000000000000000000000000000000000000000000000210377191000169ACM ASSESSORIA CONTABIL LTDA            Avenida Capitão Mário Toledo de Camargo,            09170150                                                            000007
1                   000902692011248461-9100                   0000000000000009100900000000002               019100      07021400000002008000000000012N2801141200000000000066900000000000000000000000000000000000000000000002000000005070911 Banco do Brasil S.A.                  Rua Doutor César,530-11º andar                      02013002                                                            000008
1                   000902692011248461-9101                   0000000000000009101700000000002               019101      07041400000006260000000000012N280114000000000000000000000000000000000000000000000000000000000000000100015258793168DANIEL BENTO VIEIRA                     Av.Cupuaçu, quadra 1 lote 04 casa, 206              68473000Taxa de Franquia - Novo Repartimento/PA 2ª Parc.            000009
1                   000902692011248461-9102                   0000000000000009102500000000002               019102      07051400000006260000000000012N280114000000000000000000000000000000000000000000000000000000000000000100015258793168DANIEL BENTO VIEIRA                     Av.Cupuaçu, quadra 1 lote 04 casa, 206              68473000Taxa de Franquia - Novo Repartimento/PA 3ª Parc.            000010
1                   000902692011248461-9103                   0000000000000009103300000000002               019103      06061400000006260000000000012N280114000000000000000000000000000000000000000000000000000000000000000100015258793168DANIEL BENTO VIEIRA                     Av.Cupuaçu, quadra 1 lote 04 casa, 206              68473000Taxa de Franquia - Novo Repartimento/PA 4ª Parc.            000011
1                   000902692011248461-9104                   0000000000000009104100000000002               019104      07071400000006260000000000012N280114000000000000000000000000000000000000000000000000000000000000000100015258793168DANIEL BENTO VIEIRA                     Av.Cupuaçu, quadra 1 lote 04 casa, 206              68473000Taxa de Franquia - Novo Repartimento/PA 5ª Parc.            000012
1                   000902692011248461-9105                   0000000000000009105P00000000002               019105      07021400000000803000000000012N280114120000000000002680000000000000000000000000000000000000000000000262232889000190Banco Daycoval S/A                      Avenida Paulista ,1793-02º Andar                    01311200                                                            000013
1                   000902692011248461-9106                   0000000000000009106800000000002               019106      07021400000001477500000000012N280114120000000000004930000000000000000000000000000000000000000000000262232889000190Banco Daycoval S/A                      Avenida Paulista ,1793-02º Andar                    01311200                                                            000014
1                   000902692011248461-9107                   0000000000000009107600000000002               019107      07021400000000326700000000012N280114120000000000001090000000000000000000000000000000000000000000000207450604000189Bicbanco S/A                            Avenida Brigadeiro Faria Lima,4.440-2º a            04538132                                                            000015
1                   000902692011248461-9108                   0000000000000009108400000000002               019108      07021400000001842160000000012N280114120000000000006140000000000000000000000000000000000000000000000253283180000122Tesheiner Cavassani e Giacomazi AdvogadoRua João Adolfo,118-Conj. 405                       01050020                                                            000016
1                   000902692011248461-9109                   0000000000000009109200000000002               019109      08021400000000704200000000012N290114120000000000002350000000000000000000000000000000000000000000000217184037006150389 Banco Mercantil do Brasil S.A.      Rua Amador Bueno ,43,45,47                          11013151                                                            000017
1                   000902692011248461-9110                   0000000000000009110600000000002               019110      08021400000000101200000000012N290114120000000000000340000000000000000000000000000000000000000000000217184037006150389 Banco Mercantil do Brasil S.A.      Rua Amador Bueno - até 237 - lado ímpar,            11013151                                                            000018
1                   000902692011248461-9111                   0000000000000009111400000000002               019111      08021400000000176000000000012N290114120000000000000590000000000000000000000000000000000000000000000217184037010506389 Banco Mercantil do Brasil S.A.      Avenida Paulista ,923                               01311100                                                            000019
1                   000902692011248461-9112                   0000000000000009112200000000002               019112      08021400000000176000000000012N290114120000000000000590000000000000000000000000000000000000000000000262232889000190Banco Daycoval S/A                      Avenida Paulista ,1793-02º Andar                    01311200                                                            000020
1                   000902692011248461-9113                   0000000000000009113000000000002               019113      28031400000008333330000000012N290114000000000000000000000000000000000000000000000000000000000000000100090665201591ELIONICE CARVALHO SILVA                 R. FLAMENGO, 57 CS 7 COND VILLAGE                   41635480Taxa de Franquia - Salvador/BA 2ª Parc.                     000021
1                   000902692011248461-9114                   0000000000000009114900000000002               019114      28041400000008333330000000012N290114000000000000000000000000000000000000000000000000000000000000000100090665201591ELIONICE CARVALHO SILVA                 R. FLAMENGO, 57 CS 7 COND VILLAGE                   41635480Taxa de Franquia - Salvador/BA 3ª Parc.                     000022
1                   000902692011248461-9115                   0000000000000009115700000000002               019115      28051400000008333330000000012N290114000000000000000000000000000000000000000000000000000000000000000100090665201591ELIONICE CARVALHO SILVA                 R. FLAMENGO, 57 CS 7 COND VILLAGE                   41635480Taxa de Franquia - Salvador/BA 4ª Parc.                     000023
1                   000902692011248461-8528                   0000000000000008528900000000002               068528      31011400000000740720000000012N271113120000000000010000000000000000000000000000000000000000000000000216587135000135SBA Torres Brasil, Limitada             Alameda Madeira,222-15º andar                       06454010                                                            000024
1                   000902692011248461-8525                   0000000000000008525400000000002               068525      31011400000000376000000000012N261113120000000000010000000000000000000000000000000000000000000000000216587135000135SBA Torres Brasil, Limitada             Alameda Madeira,222-15º andar                       06454010                                                            000025
1                   000902692011248461-8519                   0000000000000008519P00000000002               068519      31011400000003132300000000012N221113120000000000010000000000000000000000000000000000000000000000000216587135000135SBA Torres Brasil, Limitada             Alameda Madeira,222-15º andar                       06454010                                                            000026
1                   000902692011248461-8501                   0000000000000008501700000000002               068501      31011400000000117000000000012N121113120000000000010000000000000000000000000000000000000000000000000216587135000135SBA Torres Brasil, Limitada             Alameda Madeira,222-15º andar                       06454010                                                            000027
1                   000902692011248461-8499                   0000000000000008499100000000002               068499      31011400000000076000000000012N121113120000000000010000000000000000000000000000000000000000000000000216587135000135SBA Torres Brasil, Limitada             Alameda Madeira,222-15º andar                       06454010                                                            000028
1                   000902692011248461-8498                   0000000000000008498300000000002               068498      31011400000000076000000000012N121113120000000000010000000000000000000000000000000000000000000000000216587135000135SBA Torres Brasil, Limitada             Alameda Madeira,222-15º andar                       06454010                                                            000029
1                   000902692011248461-8773                   0000000000000008773700000000002               068773      31011400000000564000000000012N051213120000000000010000000000000000000000000000000000000000000000000216587135000135SBA Torres Brasil, Limitada             Alameda Madeira,222-15º andar                       06454010                                                            000030
1                   000902692011248461-8728                   0000000000000008728100000000002               068728      31011400000000564000000000012N031213120000000000010000000000000000000000000000000000000000000000000216587135000135SBA Torres Brasil, Limitada             Alameda Madeira,222-15º andar                       06454010                                                            000031
1                   000902692011248461-8583                   0000000000000008583100000000002               068583      31011400000001382100000000012N021213120000000000010000000000000000000000000000000000000000000000000216587135000135SBA Torres Brasil, Limitada             Alameda Madeira,222-15º andar                       06454010                                                            000032
1                   000902692011248461-8530                   0000000000000008530000000000002               068530      31011400000000610000000000012N281113120000000000010000000000000000000000000000000000000000000000000216587135000135SBA Torres Brasil, Limitada             Alameda Madeira,222-15º andar                       06454010                                                            000033
1                   000902692011248461-8801                   0000000000000008801600000000002               068801      31011400000000305000000000012N171213120000000000010000000000000000000000000000000000000000000000000216587135000135SBA Torres Brasil, Limitada             Alameda Madeira,222-15º andar                       06454010                                                            000034
1                   000902692011248461-8798                   0000000000000008798200000000002               068798      31011400000000188000000000012N131213120000000000010000000000000000000000000000000000000000000000000216587135000135SBA Torres Brasil, Limitada             Alameda Madeira,222-15º andar                       06454010                                                            000035
1                   000902692011248461-8780                   0000000000000008780P00000000002               068780      31011400000000872810000000012N111213120000000000010000000000000000000000000000000000000000000000000216587135000135SBA Torres Brasil, Limitada             Alameda Madeira,222-15º andar                       06454010                                                            000036
1                   000902692011248461-8777                   0000000000000008777P00000000002               068777      31011400000000610000000000012N101213120000000000010000000000000000000000000000000000000000000000000216587135000135SBA Torres Brasil, Limitada             Alameda Madeira,222-15º andar                       06454010                                                            000037
1                   000902692011248461-8835                   0000000000000008835000000000002               068835      31011400000000564000000000012N271213120000000000010000000000000000000000000000000000000000000000000216587135000135SBA Torres Brasil, Limitada             Alameda Madeira,222-15º andar                       06454010                                                            000038
1                   000902692011248461-8822                   0000000000000008822900000000002               068822      31011400000000188000000000012N201213120000000000010000000000000000000000000000000000000000000000000216587135000135SBA Torres Brasil, Limitada             Alameda Madeira,222-15º andar                       06454010                                                            000039
1                   000902692011248461-8816                   0000000000000008816400000000002               068816      31011400000000188000000000012N181213120000000000010000000000000000000000000000000000000000000000000216587135000135SBA Torres Brasil, Limitada             Alameda Madeira,222-15º andar                       06454010                                                            000040
9                                                                                                                                                                                                                                                                                                                                                                                                         000041