01REMESSA01COBRANCA       00000000000004130991SISTEMA DE CARTóRIO CERTIDõES 237BRADESCO       290114        MX0000696                                                                                                                                                                                                                                                                                     000001
1                   000902692011248461-9116                   0000000000000009116500000000002               019116      05021400000010000000000000012N290114000000000000000000000000000000000000000000000000000000000000000100048088650259Aline Claudia Rodrigues Vinueza         Rua Parana , 516                                    28890000Taxa de Franquia -  Macaé LJ 02/RJ 1ª PARC.                 000002
1                   000902692011248461-9117                   0000000000000009117300000000002               019117      05031400000010000000000000012N290114000000000000000000000000000000000000000000000000000000000000000100048088650259Aline Claudia Rodrigues Vinueza         Rua Parana , 516                                    28890000Taxa de Franquia -  Macaé LJ 02/RJ 2ª PARC.                 000003
9                                                                                                                                                                                                                                                                                                                                                                                                         000004