01REMESSA01COBRANCA       00000000000004130991SISTEMA DE CARTóRIO CERTIDõES 237BRADESCO       300514        MX0000722                                                                                                                                                                                                                                                                                     000001
1                   000902692011248461-10432                  0000000000000010432100000000002               0110432     09061400000000963330000000012N300514120000000000003210000000000000000000000000000000000000000000000262232889000190Banco Daycoval S/A                      Avenida Paulista ,1793-02º Andar                    01311200                                                            000002
1                   000902692011248461-10433                  0000000000000010433P00000000002               0110433     09061400000000180400000000012N300514120000000000000600000000000000000000000000000000000000000000000217184037010506389 Banco Mercantil do Brasil S.A.      Avenida Paulista ,923                               01311100                                                            000003
1                   000902692011248461-10434                  0000000000000010434800000000002               0110434     09061400000000188000000000012N300514120000000000000630000000000000000000000000000000000000000000000216587135000135SBA Torres Brasil, Limitada             Alameda Madeira,222-15º andar                       06454010                                                            000004
1                   000902692011248461-10435                  0000000000000010435600000000002               0110435     09061400000000463650000000012N300514120000000000001550000000000000000000000000000000000000000000000200360305413964104 Caixa Econômica Federal             Avenida das Nações Unidas ,22540                    04795000                                                            000005
1                   000902692011248461-10436                  0000000000000010436400000000002               0110436     13061400000030000000000000012N300514000000000000000000000000000000000000000000000000000000000000000100002624773789PAULO HENRIQUE FERREIRA                 Rua Bartolomeu Portela, 35 apto. 26                 22290190TAXA DE FRANQUIA URCA- RIO DE JANEIRO/RJ                    000006
9                                                                                                                                                                                                                                                                                                                                                                                                         000007