01REMESSA01COBRANCA       00000000000004130991SISTEMA DE CARTÛRIO CERTIDıES 237BRADESCO       310714        MX0000736                                                                                                                                                                                                                                                                                     000001
1                   000902692011248461-10983                  0000000000000010983800000000002               0610983     01081400000005000000000000012N170714000000000000000000000000000000000000000000000000000000000000000100052140865200BRUNA DE ALENCAR REBOU«AS               RUA 45 - N∫ 36 - QUADRA 144, NUCLEO 5               69095330TAXA DE FRANQUIA MANAUS                                     000002
9                                                                                                                                                                                                                                                                                                                                                                                                         000003