01REMESSA01COBRANCA       00000000000004130991SISTEMA DE CARTóRIO CERTIDõES 237BRADESCO       310714        MX0000735                                                                                                                                                                                                                                                                                     000001
1                   000902692011248461-11022                  0000000000000011022400000000002               0111022     31071400000005000000000000012N300714000000000000000000000000000000000000000000000000000000000000000100000576363111JOELMA DE PAULA SILVA PACHECO           RUA SÃO JOSE DE CAIANA 188                          03819020TAXA DE FRANQUIA SANTANA DO LIVRAMENTO-RS                   000002
1                   000902692011248461-11023                  0000000000000011023200000000002               0111023     31071500000015000000000000012N300714000000000000000000000000000000000000000000000000000000000000000100000576363111JOELMA DE PAULA SILVA PACHECO           RUA SÃO JOSE DE CAIANA 188                          03819020TAXA DE FRANQUIA SANTANA DO LIVRAMENTO-RS                   000003
1                   000902692011248461-11024                  0000000000000011024000000000002               0111024     31071400000020000000000000012N300714000000000000000000000000000000000000000000000000000000000000000100070568731115LIGIA SILVA DO NASCIMENTO               QUADRA 102,CONJ 1 -CASA 17                          65000000TAXA DE FRANUIA BRASILIA/TAGUATINGA                         000004
1                   000902692011248461-11025                  0000000000000011025900000000002               0111025     30101400000008500000000000012N300714000000000000000000000000000000000000000000000000000000000000000100070568731115LIGIA SILVA DO NASCIMENTO               QUADRA 102,CONJ 1 -CASA 17                          65000000TAXA DE FRANUIA BRASILIA/TAGUATINGA                         000005
1                   000902692011248461-11026                  0000000000000011026700000000002               0111026     30111400000008500000000000012N300714000000000000000000000000000000000000000000000000000000000000000100070568731115LIGIA SILVA DO NASCIMENTO               QUADRA 102,CONJ 1 -CASA 17                          65000000TAXA DE FRANUIA BRASILIA/TAGUATINGA                         000006
1                   000902692011248461-11027                  0000000000000011027500000000002               0111027     30121400000008000000000000012N300714000000000000000000000000000000000000000000000000000000000000000100070568731115LIGIA SILVA DO NASCIMENTO               QUADRA 102,CONJ 1 -CASA 17                          65000000TAXA DE FRANUIA BRASILIA/TAGUATINGA                         000007
1                   000902692011248461-11028                  0000000000000011028300000000002               0111028     01081400000020000000000000012N300714000000000000000000000000000000000000000000000000000000000000000100059116200659VALERIA MATTOSO DE MELLO                RUA ABADESSA GERTRUDES PRADO                        30380790Taxa de Franquia - Belo Horizonte/MG 1ª Parcela             000008
1                   000902692011248461-11029                  0000000000000011029100000000002               0111029     09081400000000480000000000012N300714120000000000001600000000000000000000000000000000000000000000000210377191000169ACM ASSESSORIA CONTABIL LTDA            Avenida Capitão Mário Toledo de Camargo,            09170150                                                            000009
1                   000902692011248461-11030                  0000000000000011030500000000002               0111030     09081400000000788000000000012N300714120000000000002630000000000000000000000000000000000000000000000262232889000190Banco Daycoval S/A                      Avenida Paulista ,1793-02º Andar                    01311200                                                            000010
9                                                                                                                                                                                                                                                                                                                                                                                                         000011